2208 3402
571 281 603 330 82

195 403 296 460 inuitas,
307 405 437 451 cunctatus
451 401 564 465 paullum
581 400 666 458 fueris,
684 404 833 465 nequiquam
845 416 903 450 mox
912 403 993 452 amis-

191 506 245 544 sam
262 507 375 556 quaeras.
671 519 678 546 a
765 491 917 548 Lrv.25,38.

227 583 282 632 Non
302 586 398 632 tantum
417 583 561 646 praesentis
579 582 622 632 sed
641 581 766 645 vigilantis
781 587 818 632 est
834 584 992 632 occasionem

192 671 324 723 observare
342 677 529 736 properantem:
550 674 633 736 itaque
652 672 717 722 hanc
732 673 903 736 circumspice,
922 671 993 723 hanc

191 765 213 813 si
231 763 324 814 videris
343 762 442 827 prende.
691 762 746 812 Suu.
754 763 833 826 Epist.
842 764 883 818 22,
892 765 915 811 3.

224 851 297 904 Uerta
329 854 479 911 amittimus,
510 853 570 903 dum
598 854 694 902 incerta
719 854 826 917 petimus

612 922 704 972 Prior.
710 921 801 972 Pseud.
810 925 833 978 2,
841 925 865 980 3,
875 924 914 978 19,

225 1013 288 1063 Rem
307 1011 353 1062 tibi
371 1027 445 1076 quam
465 1026 550 1062 nosces
569 1016 652 1076 aptam
673 1011 797 1062 dimittere
810 1011 874 1061 noli:

226 1103 315 1153 Fronte
334 1102 452 1168 capillata
469 1107 513 1161 est,
533 1107 588 1168 post
607 1102 670 1153 haec
688 1105 784 1152 occasio
803 1102 879 1153 calva

703 1171 912 1230 eranistae&

282 1293 325 1336 10.
341 1289 419 1341 Quae
435 1291 480 1344 iis,
499 1291 548 1343 qui
567 1291 684 1335 consilia
702 1292 888 1344 exequuntur,

227 1364 402 1408 observanda
415 1362 479 1407 sini.
506 1362 649 1414 Principia
660 1363 840 1415 potissimum
851 1373 949 1406 rerum

507 1435 668 1486 spectanda.

224 1524 252 1574 111
271 1526 368 1574 ruinam
385 1540 462 1590 prona
486 1531 555 1584 sunt,
586 1542 650 1591 quae
670 1529 723 1576 sine
740 1525 908 1576 fundamentis
930 1539 990 1576 cre-

188 1629 251 1666 vere.
661 1617 798 1668 Sandeira
808 1621 829 1674 1,
839 1619 910 1675 20,2.

222 1705 312 1763 Multa,
332 1720 396 1770 quae
414 1707 515 1771 singula
535 1708 647 1758 accidere
658 1712 769 1772 possunt,
789 1710 903 1759 universa
912 1712 988 1759 extra

189 1809 275 1844 casum
293 1801 357 1846 sunt.
457 1796 909 1863 Qurnr.Declam.296p.159ed.Bip.

221 1885 291 1935 Nihil
318 1888 427 1938 invenies
446 1892 496 1938 tam
526 1888 670 1939 manifestae
689 1889 819 1946 utilitatis,
843 1887 909 1952 quod
933 1903 984 1939 non

188 1976 215 2025 in
234 1978 385 2028 contrarium
405 1982 514 2030 transeat
535 1978 616 2043 culpa.
637 1978 908 2038 Sucronemne.

221 2066 335 2117 Arduum
354 2073 392 2119 est
412 2069 443 2120 de
460 2069 517 2128 his,'
528 2085 591 2134 quae
611 2072 752 2121 coniectura
770 2069 895 2133 sequenda
915 2073 982 2128 sunt,

187 2155 283 2221 aliquid
301 2160 362 2208 certi
380 2162 529 2223 promittere.
653 2160 707 2210 Sne.
714 2161 743 2210 N.
751 2159 795 2219 Qu.
806 2163 829 2214 6,
837 2162 876 2217 20,
884 2163 907 2208 5.

222 2247 261 2296 Tu
279 2247 345 2311 quod
364 2263 449 2300 cavere
466 2253 561 2314 possis,
580 2249 684 2300 stultum
702 2250 831 2301 admittere
848 2257 892 2300 est.

653 2321 759 2370 harum
767 2321 831 2370 Eun.
839 2323 862 2377 4,
871 2322 893 2378 6,
902 2322 942 2368 24.

222 2404 384 2472 vigilandum
403 2413 441 2459 est
458 2423 567 2474 semper:
586 2409 679 2461 multae
695 2411 802 2461 insidiae
819 2414 876 2460 sunt
900 2409 977 2460 bonis.

393 2476 454 2528 Aoo.
462 2479 535 2544 Trag.
543 2480 610 2545 apud
617 2477 669 2530 Cro.
676 2493 719 2545 pro
726 2480 810 2530 Planc.
819 2481 907 2538 24‚59.

221 2565 295 2617 Caret
312 2567 412 2631 periclo,
431 2570 475 2634 qui
490 2571 564 2620 etiam
582 2585 638 2620 cum
656 2574 693 2620 est
711 2574 779 2620 tutus
797 2574 873 2621 cavet.

468 2639 542 2690 Puer.
550 2639 604 2690 Sra.
613 2641 644 2689 82
653 2640 781 2704 passed.
789 2639 906 2690 Ribbeck.

219 2727 274 2776 Non
294 2728 348 2778 sine
368 2742 416 2779 usu
435 2727 511 2780 fuerit
528 2732 687 2794 introspicere
706 2729 751 2780 illa
771 2732 850 2796 primo
876 2732 978 2794 aspectu

185 2814 263 2876 levia,
282 2832 314 2868 ex
331 2816 421 2882 quibus
430 2835 575 2885 magnarum
586 2835 658 2885 saepe
676 2835 757 2870 rerum
765 2827 845 2871 motus
857 2821 975 2870 oriuntur.

660 2889 747 2939 Tiora.
756 2888 820 2940 Ann.
832 2893 855 2948 4,
863 2892 903 2940 32.
