<?xml version="1.0" encoding="UTF-8"?>
<!DOCTYPE html PUBLIC "-//W3C//DTD XHTML 1.0 Transitional//EN"
    "http://www.w3.org/TR/xhtml1/DTD/xhtml1-transitional.dtd">
<html xmlns="http://www.w3.org/1999/xhtml" xml:lang="en" lang="en">
 <head>
  <title>
</title>
<meta http-equiv="Content-Type" content="text/html;charset=utf-8" />
  <meta name='ocr-system' content='tesseract 3.04.00' />
  <meta name='ocr-capabilities' content='ocr_page ocr_carea ocr_par ocr_line ocrx_word'/>
</head>
<body>
  <div class='ocr_page' id='page_1' title='image "./promptuariumsen00seyfgoog_0260.png"; bbox 0 0 2174 3400; ppageno 0'>
   <div class='ocr_carea' id='block_1_1' title="bbox 502 267 552 338">
    <p class='ocr_par' dir='ltr' id='par_1_1' title="bbox 502 267 552 338">
     <span class='ocr_line' id='line_1_1' title="bbox 502 267 552 338; baseline 0 -26"><span class='ocrx_word' id='word_1_1' title='bbox 502 267 552 338; x_wconf 76' lang='lat' dir='ltr'><strong>ara</strong></span> 
     </span>
    </p>
   </div>
   <div class='ocr_carea' id='block_1_2' title="bbox 144 334 926 451">
    <p class='ocr_par' dir='ltr' id='par_1_2' title="bbox 144 334 926 451">
     <span class='ocr_line' id='line_1_2' title="bbox 434 334 926 374; baseline 0.008 -4"><span class='ocrx_word' id='word_1_2' title='bbox 434 343 437 349; x_wconf 54' lang='lat'><em>¹</em></span> <span class='ocrx_word' id='word_1_3' title='bbox 879 334 894 372; x_wconf 90' lang='lat' dir='ltr'>P</span> <span class='ocrx_word' id='word_1_4' title='bbox 921 363 926 374; x_wconf 92' lang='lat'>.</span> 
     </span>
     <span class='ocr_line' id='line_1_3' title="bbox 144 343 920 451; baseline 0.003 -17"><span class='ocrx_word' id='word_1_5' title='bbox 144 389 169 434; x_wconf 87' lang='lat' dir='ltr'><strong>et</strong></span> <span class='ocrx_word' id='word_1_6' title='bbox 189 384 261 434; x_wconf 85' lang='lat' dir='ltr'><strong>fama.</strong></span> <span class='ocrx_word' id='word_1_7' title='bbox 291 385 328 435; x_wconf 86' lang='lat' dir='ltr'><strong>De</strong></span> <span class='ocrx_word' id='word_1_8' title='bbox 351 387 544 436; x_wconf 69' lang='lat' dir='ltr'><strong>existimatione.</strong></span> <span class='ocrx_word' id='word_1_9' title='bbox 563 387 600 437; x_wconf 91' lang='lat' dir='ltr'><strong>De</strong></span> <span class='ocrx_word' id='word_1_10' title='bbox 620 391 771 451; x_wconf 75' lang='lat' dir='ltr'><strong>posterorum</strong></span> <span class='ocrx_word' id='word_1_11' title='bbox 790 387 857 436; x_wconf 85' lang='lat' dir='ltr'><strong>iudi·</strong></span> <span class='ocrx_word' id='word_1_12' title='bbox 895 343 920 381; x_wconf 48' lang='grc' dir='ltr'>κ</span> 
     </span>
    </p>
   </div>
   <div class='ocr_carea' id='block_1_3' title="bbox 125 454 925 688">
    <p class='ocr_par' dir='ltr' id='par_1_3' title="bbox 125 454 925 688">
     <span class='ocr_line' id='line_1_4' title="bbox 144 454 490 519; baseline 0 -15"><span class='ocrx_word' id='word_1_13' title='bbox 144 456 190 504; x_wconf 87' lang='lat' dir='ltr'><strong>cic.</strong></span> <span class='ocrx_word' id='word_1_14' title='bbox 209 455 245 505; x_wconf 88' lang='lat' dir='ltr'><strong>De</strong></span> <span class='ocrx_word' id='word_1_15' title='bbox 267 454 339 506; x_wconf 88' lang='lat' dir='ltr'><strong>laude</strong></span> <span class='ocrx_word' id='word_1_16' title='bbox 360 462 384 506; x_wconf 86' lang='lat' dir='ltr'><strong>at</strong></span> <span class='ocrx_word' id='word_1_17' title='bbox 405 455 490 519; x_wconf 79' lang='lat' dir='ltr'><strong>gloria.</strong></span> 
     </span>
     <span class='ocr_line' id='line_1_5' title="bbox 494 545 538 595; baseline 0.023 -1"><span class='ocrx_word' id='word_1_18' title='bbox 494 545 538 595; x_wconf 87' lang='lat' dir='ltr'><strong>Ill.</strong></span> 
     </span>
     <span class='ocr_line' id='line_1_6' title="bbox 125 633 925 688; baseline 0.005 -5"><span class='ocrx_word' id='word_1_19' title='bbox 125 633 163 684; x_wconf 89' lang='lat' dir='ltr'><strong>De</strong></span> <span class='ocrx_word' id='word_1_20' title='bbox 181 649 261 684; x_wconf 88' lang='lat' dir='ltr'><strong>amore</strong></span> <span class='ocrx_word' id='word_1_21' title='bbox 285 641 309 685; x_wconf 88' lang='lat' dir='ltr'><strong>et</strong></span> <span class='ocrx_word' id='word_1_22' title='bbox 329 633 386 684; x_wconf 92' lang='lat' dir='ltr'><strong>odio</strong></span> <span class='ocrx_word' id='word_1_23' title='bbox 413 674 853 688; x_wconf 91' lang='lat'>...........</span> <span class='ocrx_word' id='word_1_24' title='bbox 877 641 925 688; x_wconf 84' lang='lat'><strong>150</strong></span> 
     </span>
    </p>
   </div>
   <div class='ocr_carea' id='block_1_4' title="bbox 142 725 855 1136">
    <p class='ocr_par' dir='ltr' id='par_1_4' title="bbox 142 725 855 1136">
     <span class='ocr_line' id='line_1_7' title="bbox 162 725 854 779; baseline 0.009 -6"><span class='ocrx_word' id='word_1_25' title='bbox 162 728 183 773; x_wconf 94' lang='lat'><strong>1.</strong></span> <span class='ocrx_word' id='word_1_26' title='bbox 197 725 233 774; x_wconf 89' lang='lat' dir='ltr'><strong>De</strong></span> <span class='ocrx_word' id='word_1_27' title='bbox 251 726 367 774; x_wconf 87' lang='lat' dir='ltr'><strong>amicitia.</strong></span> <span class='ocrx_word' id='word_1_28' title='bbox 389 753 421 761; x_wconf 93' lang='lat'><strong>—-</strong></span> <span class='ocrx_word' id='word_1_29' title='bbox 442 729 465 776; x_wconf 81' lang='lat'><strong>2.</strong></span> <span class='ocrx_word' id='word_1_30' title='bbox 478 727 514 776; x_wconf 89' lang='lat' dir='ltr'><strong>De</strong></span> <span class='ocrx_word' id='word_1_31' title='bbox 532 743 614 777; x_wconf 87' lang='lat' dir='ltr'><strong>amore</strong></span> <span class='ocrx_word' id='word_1_32' title='bbox 634 735 658 778; x_wconf 86' lang='lat' dir='ltr'><strong>et</strong></span> <span class='ocrx_word' id='word_1_33' title='bbox 676 729 739 778; x_wconf 90' lang='lat' dir='ltr'><strong>odio.</strong></span> <span class='ocrx_word' id='word_1_34' title='bbox 759 729 795 778; x_wconf 87' lang='lat' dir='ltr'><strong>De</strong></span> <span class='ocrx_word' id='word_1_35' title='bbox 816 743 854 779; x_wconf 90' lang='lat' dir='ltr'><strong>rc·</strong></span> 
     </span>
     <span class='ocr_line' id='line_1_8' title="bbox 142 793 854 850; baseline 0.01 -7"><span class='ocrx_word' id='word_1_36' title='bbox 142 793 320 844; x_wconf 75' lang='lat' dir='ltr'><strong>conciliatione.</strong></span> <span class='ocrx_word' id='word_1_37' title='bbox 340 821 371 830; x_wconf 96' lang='lat'><strong>—</strong></span> <span class='ocrx_word' id='word_1_38' title='bbox 392 799 414 845; x_wconf 83' lang='lat'><strong>3.</strong></span> <span class='ocrx_word' id='word_1_39' title='bbox 425 795 462 846; x_wconf 88' lang='lat' dir='ltr'><strong>De</strong></span> <span class='ocrx_word' id='word_1_40' title='bbox 480 796 610 847; x_wconf 83' lang='lat' dir='ltr'><strong>concordia</strong></span> <span class='ocrx_word' id='word_1_41' title='bbox 627 803 651 848; x_wconf 90' lang='lat' dir='ltr'><strong>et</strong></span> <span class='ocrx_word' id='word_1_42' title='bbox 665 797 797 848; x_wconf 88' lang='lat' dir='ltr'><strong>discordia.</strong></span> <span class='ocrx_word' id='word_1_43' title='bbox 818 798 854 850; x_wconf 87' lang='lat' dir='ltr'><strong>Dc</strong></span> 
     </span>
     <span class='ocr_line' id='line_1_9' title="bbox 143 862 853 931; baseline 0.008 -19"><span class='ocrx_word' id='word_1_44' title='bbox 143 862 267 928; x_wconf 89' lang='lat' dir='ltr'><strong>obsequio.</strong></span> <span class='ocrx_word' id='word_1_45' title='bbox 288 864 324 914; x_wconf 89' lang='lat' dir='ltr'><strong>De</strong></span> <span class='ocrx_word' id='word_1_46' title='bbox 343 867 505 916; x_wconf 76' lang='lat' dir='ltr'><strong>contentione.</strong></span> <span class='ocrx_word' id='word_1_47' title='bbox 527 893 556 902; x_wconf 93' lang='lat'><strong>-—</strong></span> <span class='ocrx_word' id='word_1_48' title='bbox 577 871 601 916; x_wconf 82' lang='lat'><strong>4.</strong></span> <span class='ocrx_word' id='word_1_49' title='bbox 613 866 649 917; x_wconf 91' lang='lat' dir='ltr'><strong>De</strong></span> <span class='ocrx_word' id='word_1_50' title='bbox 668 870 748 931; x_wconf 78' lang='lat' dir='ltr'><strong>gratia</strong></span> <span class='ocrx_word' id='word_1_51' title='bbox 765 873 790 918; x_wconf 87' lang='lat' dir='ltr'><strong>et</strong></span> <span class='ocrx_word' id='word_1_52' title='bbox 816 867 853 918; x_wconf 83' lang='lat' dir='ltr'><strong>la-</strong></span> 
     </span>
     <span class='ocr_line' id='line_1_10' title="bbox 146 933 855 988; baseline 0.008 -6"><span class='ocrx_word' id='word_1_53' title='bbox 146 948 208 983; x_wconf 85' lang='lat' dir='ltr'><strong>voro.</strong></span> <span class='ocrx_word' id='word_1_54' title='bbox 241 933 278 984; x_wconf 86' lang='lat' dir='ltr'><strong>De</strong></span> <span class='ocrx_word' id='word_1_55' title='bbox 303 935 519 985; x_wconf 88' lang='lat' dir='ltr'><strong>commendatione.</strong></span> <span class='ocrx_word' id='word_1_56' title='bbox 542 963 574 972; x_wconf 88' lang='lat'>-</span> <span class='ocrx_word' id='word_1_57' title='bbox 595 941 618 986; x_wconf 80' lang='lat'><strong>5.</strong></span> <span class='ocrx_word' id='word_1_58' title='bbox 631 937 668 986; x_wconf 91' lang='lat' dir='ltr'><strong>De</strong></span> <span class='ocrx_word' id='word_1_59' title='bbox 693 937 794 988; x_wconf 77' lang='lat' dir='ltr'><strong>invidia.</strong></span> <span class='ocrx_word' id='word_1_60' title='bbox 819 938 855 988; x_wconf 88' lang='lat' dir='ltr'><strong>De</strong></span> 
     </span>
     <span class='ocr_line' id='line_1_11' title="bbox 144 1002 854 1070; baseline 0.008 -19"><span class='ocrx_word' id='word_1_61' title='bbox 144 1002 259 1067; x_wconf 85' lang='lat' dir='ltr'><strong>superbia</strong></span> <span class='ocrx_word' id='word_1_62' title='bbox 279 1009 304 1053; x_wconf 90' lang='lat' dir='ltr'><strong>et</strong></span> <span class='ocrx_word' id='word_1_63' title='bbox 320 1002 394 1053; x_wconf 80' lang='lat' dir='ltr'><strong>fastu.</strong></span> <span class='ocrx_word' id='word_1_64' title='bbox 417 1031 446 1040; x_wconf 93' lang='lat'>-</span> <span class='ocrx_word' id='word_1_65' title='bbox 469 1008 491 1054; x_wconf 88' lang='grc'><strong>6.</strong></span> <span class='ocrx_word' id='word_1_66' title='bbox 505 1005 542 1055; x_wconf 80' lang='lat' dir='ltr'><strong>Ile</strong></span> <span class='ocrx_word' id='word_1_67' title='bbox 561 1008 686 1070; x_wconf 77' lang='lat' dir='ltr'><strong>suspicaci</strong></span> <span class='ocrx_word' id='word_1_68' title='bbox 710 1008 798 1057; x_wconf 88' lang='lat' dir='ltr'><strong>animo.</strong></span> <span class='ocrx_word' id='word_1_69' title='bbox 818 1007 854 1058; x_wconf 87' lang='lat' dir='ltr'><strong>De</strong></span> 
     </span>
     <span class='ocr_line' id='line_1_12' title="bbox 144 1070 757 1136; baseline 0.008 -15"><span class='ocrx_word' id='word_1_70' title='bbox 144 1070 305 1136; x_wconf 75' lang='lat' dir='ltr'><strong>malignitate.</strong></span> <span class='ocrx_word' id='word_1_71' title='bbox 332 1099 352 1108; x_wconf 80' lang='lat'>-</span> <span class='ocrx_word' id='word_1_72' title='bbox 381 1077 403 1123; x_wconf 84' lang='grc'><strong>7.</strong></span> <span class='ocrx_word' id='word_1_73' title='bbox 416 1074 452 1123; x_wconf 88' lang='lat' dir='ltr'><strong>De</strong></span> <span class='ocrx_word' id='word_1_74' title='bbox 464 1074 627 1126; x_wconf 87' lang='lat' dir='ltr'><strong>simulatione.</strong></span> <span class='ocrx_word' id='word_1_75' title='bbox 646 1076 683 1126; x_wconf 86' lang='lat' dir='ltr'><strong>De</strong></span> <span class='ocrx_word' id='word_1_76' title='bbox 702 1076 757 1126; x_wconf 86' lang='lat' dir='ltr'><strong>lide.</strong></span> 
     </span>
    </p>
   </div>
   <div class='ocr_carea' id='block_1_5' title="bbox 129 1186 923 1330">
    <p class='ocr_par' dir='ltr' id='par_1_5' title="bbox 129 1186 923 1330">
     <span class='ocr_line' id='line_1_13' title="bbox 496 1186 539 1238; baseline -0.047 0"><span class='ocrx_word' id='word_1_77' title='bbox 496 1186 539 1238; x_wconf 86' lang='lat' dir='ltr'><strong>IV.</strong></span> 
     </span>
     <span class='ocr_line' id='line_1_14' title="bbox 129 1273 923 1330; baseline 0.01 -8"><span class='ocrx_word' id='word_1_78' title='bbox 129 1273 166 1323; x_wconf 89' lang='lat' dir='ltr'><strong>De</strong></span> <span class='ocrx_word' id='word_1_79' title='bbox 183 1273 335 1326; x_wconf 87' lang='lat' dir='ltr'><strong>humanitate</strong></span> <span class='ocrx_word' id='word_1_80' title='bbox 371 1314 852 1328; x_wconf 89' lang='grc'><strong>............</strong></span> <span class='ocrx_word' id='word_1_81' title='bbox 874 1281 923 1330; x_wconf 86' lang='grc'><strong>160</strong></span> 
     </span>
    </p>
   </div>
   <div class='ocr_carea' id='block_1_6' title="bbox 141 1364 853 2013">
    <p class='ocr_par' dir='ltr' id='par_1_6' title="bbox 141 1364 853 1906">
     <span class='ocr_line' id='line_1_15' title="bbox 163 1364 853 1432; baseline 0.009 -20"><span class='ocrx_word' id='word_1_82' title='bbox 163 1367 184 1412; x_wconf 95' lang='grc'><strong>1.</strong></span> <span class='ocrx_word' id='word_1_83' title='bbox 196 1364 232 1414; x_wconf 88' lang='lat' dir='ltr'><strong>De</strong></span> <span class='ocrx_word' id='word_1_84' title='bbox 246 1365 405 1425; x_wconf 84' lang='lat' dir='ltr'><strong>humanitate,</strong></span> <span class='ocrx_word' id='word_1_85' title='bbox 430 1383 493 1431; x_wconf 88' lang='lat' dir='ltr'><strong>quae</strong></span> <span class='ocrx_word' id='word_1_86' title='bbox 512 1369 609 1432; x_wconf 89' lang='lat' dir='ltr'><strong>proprie</strong></span> <span class='ocrx_word' id='word_1_87' title='bbox 636 1367 736 1418; x_wconf 89' lang='lat' dir='ltr'><strong>dicitur.</strong></span> <span class='ocrx_word' id='word_1_88' title='bbox 757 1393 789 1404; x_wconf 95' lang='lat'><em>—</em></span> <span class='ocrx_word' id='word_1_89' title='bbox 808 1367 853 1418; x_wconf 89' lang='lat' dir='ltr'><strong>So-</strong></span> 
     </span>
     <span class='ocr_line' id='line_1_16' title="bbox 143 1433 851 1488; baseline 0.006 -6"><span class='ocrx_word' id='word_1_90' title='bbox 143 1433 182 1482; x_wconf 91' lang='lat' dir='ltr'><strong>lus</strong></span> <span class='ocrx_word' id='word_1_91' title='bbox 205 1436 366 1485; x_wconf 89' lang='lat' dir='ltr'><strong>animantium</strong></span> <span class='ocrx_word' id='word_1_92' title='bbox 390 1437 461 1487; x_wconf 89' lang='lat' dir='ltr'><strong>homo</strong></span> <span class='ocrx_word' id='word_1_93' title='bbox 480 1437 574 1487; x_wconf 90' lang='lat' dir='ltr'><strong>homini</strong></span> <span class='ocrx_word' id='word_1_94' title='bbox 592 1437 706 1488; x_wconf 86' lang='lat' dir='ltr'><strong>infestus.</strong></span> <span class='ocrx_word' id='word_1_95' title='bbox 727 1465 759 1474; x_wconf 89' lang='lat'><em>-</em></span> <span class='ocrx_word' id='word_1_96' title='bbox 778 1441 801 1488; x_wconf 78' lang='lat'><strong>2.</strong></span> <span class='ocrx_word' id='word_1_97' title='bbox 814 1438 851 1487; x_wconf 92' lang='lat' dir='ltr'><strong>De</strong></span> 
     </span>
     <span class='ocr_line' id='line_1_17' title="bbox 141 1502 851 1572; baseline 0.006 -20"><span class='ocrx_word' id='word_1_98' title='bbox 141 1502 272 1554; x_wconf 86' lang='lat' dir='ltr'><strong>clementia</strong></span> <span class='ocrx_word' id='word_1_99' title='bbox 290 1509 314 1554; x_wconf 86' lang='lat' dir='ltr'><strong>et</strong></span> <span class='ocrx_word' id='word_1_100' title='bbox 332 1507 496 1557; x_wconf 84' lang='lat' dir='ltr'><strong>miseratione.</strong></span> <span class='ocrx_word' id='word_1_101' title='bbox 522 1535 549 1542; x_wconf 95' lang='lat'>—</span> <span class='ocrx_word' id='word_1_102' title='bbox 570 1507 607 1558; x_wconf 86' lang='lat' dir='ltr'><strong>De</strong></span> <span class='ocrx_word' id='word_1_103' title='bbox 627 1507 741 1572; x_wconf 82' lang='lat' dir='ltr'><strong>precibus</strong></span> <span class='ocrx_word' id='word_1_104' title='bbox 762 1513 785 1557; x_wconf 92' lang='lat' dir='ltr'><strong>et</strong></span> <span class='ocrx_word' id='word_1_105' title='bbox 804 1509 851 1556; x_wconf 92' lang='lat' dir='ltr'><strong>im-</strong></span> 
     </span>
     <span class='ocr_line' id='line_1_18' title="bbox 141 1574 851 1640; baseline 0.007 -18"><span class='ocrx_word' id='word_1_106' title='bbox 141 1575 226 1638; x_wconf 89' lang='lat' dir='ltr'><strong>periis.</strong></span> <span class='ocrx_word' id='word_1_107' title='bbox 249 1602 279 1610; x_wconf 98' lang='lat'>-</span> <span class='ocrx_word' id='word_1_108' title='bbox 299 1574 336 1625; x_wconf 89' lang='lat' dir='ltr'><strong>De</strong></span> <span class='ocrx_word' id='word_1_109' title='bbox 354 1575 509 1640; x_wconf 82' lang='lat' dir='ltr'><strong>indulgentia</strong></span> <span class='ocrx_word' id='word_1_110' title='bbox 527 1579 553 1626; x_wconf 90' lang='lat' dir='ltr'><strong>in</strong></span> <span class='ocrx_word' id='word_1_111' title='bbox 572 1577 641 1626; x_wconf 89' lang='lat' dir='ltr'><strong>alios.</strong></span> <span class='ocrx_word' id='word_1_112' title='bbox 662 1577 698 1628; x_wconf 87' lang='lat' dir='ltr'><strong>Dc</strong></span> <span class='ocrx_word' id='word_1_113' title='bbox 721 1578 851 1627; x_wconf 85' lang='lat' dir='ltr'><strong>severitate</strong></span> 
     </span>
     <span class='ocr_line' id='line_1_19' title="bbox 141 1643 852 1696; baseline 0.006 -4"><span class='ocrx_word' id='word_1_114' title='bbox 141 1643 168 1692; x_wconf 89' lang='lat' dir='ltr'><strong>in</strong></span> <span class='ocrx_word' id='word_1_115' title='bbox 185 1659 218 1694; x_wconf 89' lang='lat' dir='ltr'><strong>se.</strong></span> <span class='ocrx_word' id='word_1_116' title='bbox 293 1649 316 1694; x_wconf 87' lang='lat'><strong>3.</strong></span> <span class='ocrx_word' id='word_1_117' title='bbox 328 1645 365 1695; x_wconf 90' lang='lat' dir='ltr'><strong>De</strong></span> <span class='ocrx_word' id='word_1_118' title='bbox 384 1645 543 1696; x_wconf 87' lang='lat' dir='ltr'><strong>beneficentia</strong></span> <span class='ocrx_word' id='word_1_119' title='bbox 558 1651 582 1696; x_wconf 89' lang='lat' dir='ltr'><strong>et</strong></span> <span class='ocrx_word' id='word_1_120' title='bbox 593 1645 750 1696; x_wconf 82' lang='lat' dir='ltr'><strong>liberalitate.</strong></span> <span class='ocrx_word' id='word_1_121' title='bbox 768 1647 798 1696; x_wconf 92' lang='lat' dir='ltr'><strong>In</strong></span> <span class='ocrx_word' id='word_1_122' title='bbox 808 1645 852 1696; x_wconf 89' lang='lat' dir='ltr'><strong>be—</strong></span> 
     </span>
     <span class='ocr_line' id='line_1_20' title="bbox 142 1712 852 1780; baseline 0.007 -19"><span class='ocrx_word' id='word_1_123' title='bbox 142 1712 236 1763; x_wconf 88' lang='lat' dir='ltr'><strong>neficiis</strong></span> <span class='ocrx_word' id='word_1_124' title='bbox 254 1713 344 1763; x_wconf 86' lang='lat' dir='ltr'><strong>dandis</strong></span> <span class='ocrx_word' id='word_1_125' title='bbox 365 1721 389 1765; x_wconf 91' lang='lat' dir='ltr'><strong>et</strong></span> <span class='ocrx_word' id='word_1_126' title='bbox 407 1715 559 1780; x_wconf 85' lang='lat' dir='ltr'><strong>accipiendis</strong></span> <span class='ocrx_word' id='word_1_127' title='bbox 584 1730 647 1779; x_wconf 89' lang='lat' dir='ltr'><strong>quae</strong></span> <span class='ocrx_word' id='word_1_128' title='bbox 674 1718 755 1765; x_wconf 86' lang='lat' dir='ltr'><strong>cautio</strong></span> <span class='ocrx_word' id='word_1_129' title='bbox 780 1716 852 1766; x_wconf 89' lang='lat' dir='ltr'><strong>adhi-</strong></span> 
     </span>
     <span class='ocr_line' id='line_1_21' title="bbox 143 1779 851 1848; baseline 0.01 -19"><span class='ocrx_word' id='word_1_130' title='bbox 143 1779 223 1830; x_wconf 87' lang='lat' dir='ltr'><strong>benda</strong></span> <span class='ocrx_word' id='word_1_131' title='bbox 242 1785 281 1833; x_wconf 89' lang='lat' dir='ltr'><strong>sit.</strong></span> <span class='ocrx_word' id='word_1_132' title='bbox 301 1784 338 1834; x_wconf 87' lang='lat' dir='ltr'><strong>De</strong></span> <span class='ocrx_word' id='word_1_133' title='bbox 355 1789 425 1848; x_wconf 77' lang='lat' dir='ltr'><strong>grato</strong></span> <span class='ocrx_word' id='word_1_134' title='bbox 444 1787 532 1834; x_wconf 88' lang='lat' dir='ltr'><strong>auimo.</strong></span> <span class='ocrx_word' id='word_1_135' title='bbox 558 1812 586 1821; x_wconf 86' lang='lat'><strong>—-</strong></span> <span class='ocrx_word' id='word_1_136' title='bbox 608 1789 630 1835; x_wconf 84' lang='lat'><strong>4.</strong></span> <span class='ocrx_word' id='word_1_137' title='bbox 642 1785 794 1836; x_wconf 88' lang='lat' dir='ltr'><strong>Deiustitia.</strong></span> <span class='ocrx_word' id='word_1_138' title='bbox 814 1785 851 1836; x_wconf 88' lang='lat' dir='ltr'><strong>De</strong></span> 
     </span>
     <span class='ocr_line' id='line_1_22' title="bbox 145 1852 849 1906; baseline 0.007 -6"><span class='ocrx_word' id='word_1_139' title='bbox 145 1852 244 1901; x_wconf 91' lang='lat' dir='ltr'><strong>iniuriis</strong></span> <span class='ocrx_word' id='word_1_140' title='bbox 261 1852 354 1903; x_wconf 92' lang='lat' dir='ltr'><strong>inlatis.</strong></span> <span class='ocrx_word' id='word_1_141' title='bbox 373 1854 505 1904; x_wconf 85' lang='lat' dir='ltr'><strong>Dominis.</strong></span> <span class='ocrx_word' id='word_1_142' title='bbox 525 1855 560 1905; x_wconf 89' lang='lat' dir='ltr'><strong>De</strong></span> <span class='ocrx_word' id='word_1_143' title='bbox 571 1855 680 1905; x_wconf 87' lang='lat' dir='ltr'><strong>insidiis.</strong></span> <span class='ocrx_word' id='word_1_144' title='bbox 693 1855 739 1904; x_wconf 73' lang='lat' dir='ltr'><strong>lle</strong></span> <span class='ocrx_word' id='word_1_145' title='bbox 749 1854 849 1906; x_wconf 88' lang='lat' dir='ltr'><strong>ultione.</strong></span> 
     </span>
    </p>

    <p class='ocr_par' dir='ltr' id='par_1_7' title="bbox 384 1959 660 2013">
     <span class='ocr_line' id='line_1_23' title="bbox 384 1959 660 2013; baseline 0.014 -11"><span class='ocrx_word' id='word_1_146' title='bbox 384 1959 443 2004; x_wconf 75' lang='lat' dir='ltr'><strong>mm.</strong></span> <span class='ocrx_word' id='word_1_147' title='bbox 457 1961 498 2005; x_wconf 85' lang='lat' dir='ltr'><strong>De</strong></span> <span class='ocrx_word' id='word_1_148' title='bbox 510 1962 660 2013; x_wconf 75' lang='lat' dir='ltr'><strong>republica.</strong></span> 
     </span>
    </p>
   </div>
   <div class='ocr_carea' id='block_1_7' title="bbox 125 2037 919 2191">
    <p class='ocr_par' dir='ltr' id='par_1_8' title="bbox 125 2037 919 2191">
     <span class='ocr_line' id='line_1_24' title="bbox 518 2037 536 2087; baseline 0 0"><span class='ocrx_word' id='word_1_149' title='bbox 518 2037 536 2087; x_wconf 93' lang='lat' dir='ltr'><strong>l.</strong></span> 
     </span>
     <span class='ocr_line' id='line_1_25' title="bbox 125 2124 919 2191; baseline 0.008 -18"><span class='ocrx_word' id='word_1_150' title='bbox 125 2124 162 2174; x_wconf 89' lang='lat' dir='ltr'><strong>De</strong></span> <span class='ocrx_word' id='word_1_151' title='bbox 183 2126 282 2174; x_wconf 78' lang='lat' dir='ltr'><strong>civitate</strong></span> <span class='ocrx_word' id='word_1_152' title='bbox 300 2131 325 2175; x_wconf 89' lang='lat' dir='ltr'><strong>ct</strong></span> <span class='ocrx_word' id='word_1_153' title='bbox 343 2125 375 2174; x_wconf 89' lang='lat' dir='ltr'><strong>de</strong></span> <span class='ocrx_word' id='word_1_154' title='bbox 394 2125 521 2191; x_wconf 82' lang='lat' dir='ltr'><strong>republica</strong></span> <span class='ocrx_word' id='word_1_155' title='bbox 543 2165 850 2178; x_wconf 89' lang='grc'><strong>........</strong></span> <span class='ocrx_word' id='word_1_156' title='bbox 871 2131 919 2180; x_wconf 86' lang='grc'><strong>168</strong></span> 
     </span>
    </p>
   </div>
   <div class='ocr_carea' id='block_1_8' title="bbox 141 2214 852 2560">
    <p class='ocr_par' dir='ltr' id='par_1_9' title="bbox 141 2214 852 2560">
     <span class='ocr_line' id='line_1_26' title="bbox 160 2214 848 2277; baseline 0.006 -14"><span class='ocrx_word' id='word_1_157' title='bbox 160 2214 258 2274; x_wconf 83' lang='lat' dir='ltr'><strong>1.de</strong></span> <span class='ocrx_word' id='word_1_158' title='bbox 276 2216 309 2264; x_wconf 91' lang='lat' dir='ltr'><strong>sit</strong></span> <span class='ocrx_word' id='word_1_159' title='bbox 322 2217 416 2266; x_wconf 80' lang='lat' dir='ltr'><strong>ciritae.</strong></span> <span class='ocrx_word' id='word_1_160' title='bbox 437 2245 470 2254; x_wconf 89' lang='lat'><em>-</em></span> <span class='ocrx_word' id='word_1_161' title='bbox 490 2220 512 2267; x_wconf 80' lang='lat'><strong>2.</strong></span> <span class='ocrx_word' id='word_1_162' title='bbox 524 2216 590 2277; x_wconf 81' lang='lat' dir='ltr'><strong>Quae</strong></span> <span class='ocrx_word' id='word_1_163' title='bbox 602 2219 635 2268; x_wconf 90' lang='lat' dir='ltr'><strong>sit</strong></span> <span class='ocrx_word' id='word_1_164' title='bbox 645 2219 753 2268; x_wconf 76' lang='lat' dir='ltr'><strong>eruatis</strong></span> <span class='ocrx_word' id='word_1_165' title='bbox 767 2232 848 2267; x_wconf 86' lang='lat' dir='ltr'><strong>causa.</strong></span> 
     </span>
     <span class='ocr_line' id='line_1_27' title="bbox 142 2283 849 2338; baseline 0.007 -5"><span class='ocrx_word' id='word_1_166' title='bbox 142 2288 165 2334; x_wconf 81' lang='lat'><strong>3.</strong></span> <span class='ocrx_word' id='word_1_167' title='bbox 172 2283 290 2335; x_wconf 82' lang='lat' dir='ltr'><strong>Civitates</strong></span> <span class='ocrx_word' id='word_1_168' title='bbox 296 2299 378 2336; x_wconf 87' lang='lat' dir='ltr'><strong>rerum</strong></span> <span class='ocrx_word' id='word_1_169' title='bbox 385 2287 552 2337; x_wconf 85' lang='lat' dir='ltr'><strong>vicissitudini</strong></span> <span class='ocrx_word' id='word_1_170' title='bbox 559 2287 727 2338; x_wconf 80' lang='lat' dir='ltr'><strong>subiectae·</strong></span> <span class='ocrx_word' id='word_1_171' title='bbox 736 2286 849 2338; x_wconf 83' lang='lat' dir='ltr'><strong>4.Nullac</strong></span> 
     </span>
     <span class='ocr_line' id='line_1_28' title="bbox 141 2353 852 2423; baseline 0.006 -20"><span class='ocrx_word' id='word_1_172' title='bbox 141 2355 253 2405; x_wconf 84' lang='lat' dir='ltr'><strong>nationes</strong></span> <span class='ocrx_word' id='word_1_173' title='bbox 268 2353 347 2406; x_wconf 87' lang='lat' dir='ltr'><strong>deleri</strong></span> <span class='ocrx_word' id='word_1_174' title='bbox 364 2362 467 2420; x_wconf 86' lang='lat' dir='ltr'><strong>possunt</strong></span> <span class='ocrx_word' id='word_1_175' title='bbox 491 2359 540 2406; x_wconf 89' lang='lat' dir='ltr'><strong>nisi</strong></span> <span class='ocrx_word' id='word_1_176' title='bbox 560 2372 605 2406; x_wconf 87' lang='lat' dir='ltr'><strong>sua</strong></span> <span class='ocrx_word' id='word_1_177' title='bbox 629 2356 708 2423; x_wconf 86' lang='lat' dir='ltr'><strong>culpa.</strong></span> <span class='ocrx_word' id='word_1_178' title='bbox 738 2385 758 2393; x_wconf 97' lang='lat'><em>-</em></span> <span class='ocrx_word' id='word_1_179' title='bbox 780 2361 803 2407; x_wconf 80' lang='lat'><strong>5.</strong></span> <span class='ocrx_word' id='word_1_180' title='bbox 816 2357 852 2407; x_wconf 85' lang='lat' dir='ltr'><strong>Dc</strong></span> 
     </span>
     <span class='ocr_line' id='line_1_29' title="bbox 141 2425 850 2490; baseline 0.003 -16"><span class='ocrx_word' id='word_1_181' title='bbox 141 2425 248 2482; x_wconf 79' lang='lat' dir='ltr'><strong>civitate,</strong></span> <span class='ocrx_word' id='word_1_182' title='bbox 269 2426 340 2474; x_wconf 89' lang='lat' dir='ltr'><strong>cuius</strong></span> <span class='ocrx_word' id='word_1_183' title='bbox 357 2427 525 2476; x_wconf 80' lang='lat' dir='ltr'><strong>commrmione</strong></span> <span class='ocrx_word' id='word_1_184' title='bbox 543 2433 660 2485; x_wconf 81' lang='lat' dir='ltr'><strong>tenemur,</strong></span> <span class='ocrx_word' id='word_1_185' title='bbox 686 2428 738 2478; x_wconf 86' lang='lat' dir='ltr'><strong>sive</strong></span> <span class='ocrx_word' id='word_1_186' title='bbox 756 2426 787 2476; x_wconf 86' lang='lat' dir='ltr'><strong>de</strong></span> <span class='ocrx_word' id='word_1_187' title='bbox 806 2442 850 2490; x_wconf 83' lang='lat' dir='ltr'><strong>pa-</strong></span> 
     </span>
     <span class='ocr_line' id='line_1_30' title="bbox 141 2494 574 2560; baseline 0.007 -17"><span class='ocrx_word' id='word_1_188' title='bbox 141 2495 196 2544; x_wconf 85' lang='lat' dir='ltr'><strong>tria.</strong></span> <span class='ocrx_word' id='word_1_189' title='bbox 213 2520 242 2529; x_wconf 95' lang='lat'>-</span> <span class='ocrx_word' id='word_1_190' title='bbox 264 2497 287 2544; x_wconf 82' lang='lat'><strong>6.</strong></span> <span class='ocrx_word' id='word_1_191' title='bbox 300 2494 336 2544; x_wconf 90' lang='lat' dir='ltr'><strong>De</strong></span> <span class='ocrx_word' id='word_1_192' title='bbox 354 2497 448 2560; x_wconf 83' lang='lat' dir='ltr'><strong>patriae</strong></span> <span class='ocrx_word' id='word_1_193' title='bbox 466 2498 574 2546; x_wconf 84' lang='lat' dir='ltr'><strong>caritate.</strong></span> 
     </span>
    </p>
   </div>
   <div class='ocr_carea' id='block_1_9' title="bbox 124 2607 917 2758">
    <p class='ocr_par' dir='ltr' id='par_1_10' title="bbox 124 2607 917 2758">
     <span class='ocr_line' id='line_1_31' title="bbox 501 2607 534 2658; baseline 0.061 -2"><span class='ocrx_word' id='word_1_194' title='bbox 501 2607 534 2658; x_wconf 93' lang='lat' dir='ltr'><strong>II.</strong></span> 
     </span>
     <span class='ocr_line' id='line_1_32' title="bbox 124 2693 917 2758; baseline 0.005 -16"><span class='ocrx_word' id='word_1_195' title='bbox 124 2693 160 2743; x_wconf 86' lang='lat' dir='ltr'><strong>De</strong></span> <span class='ocrx_word' id='word_1_196' title='bbox 177 2693 304 2758; x_wconf 82' lang='lat' dir='ltr'><strong>republica</strong></span> <span class='ocrx_word' id='word_1_197' title='bbox 323 2695 473 2747; x_wconf 87' lang='lat' dir='ltr'><strong>moderanda</strong></span> <span class='ocrx_word' id='word_1_198' title='bbox 494 2735 845 2747; x_wconf 88' lang='lat'>.........</span> <span class='ocrx_word' id='word_1_199' title='bbox 868 2699 917 2746; x_wconf 74' lang='lat'><strong>170</strong></span> 
     </span>
    </p>
   </div>
   <div class='ocr_carea' id='block_1_10' title="bbox 140 2784 848 2924">
    <p class='ocr_par' dir='ltr' id='par_1_11' title="bbox 140 2784 848 2924">
     <span class='ocr_line' id='line_1_33' title="bbox 160 2784 848 2852; baseline 0.006 -20"><span class='ocrx_word' id='word_1_200' title='bbox 160 2787 181 2832; x_wconf 91' lang='lat'><strong>1.</strong></span> <span class='ocrx_word' id='word_1_201' title='bbox 194 2784 295 2849; x_wconf 88' lang='lat' dir='ltr'><strong>Imperii</strong></span> <span class='ocrx_word' id='word_1_202' title='bbox 314 2788 393 2849; x_wconf 89' lang='lat' dir='ltr'><strong>quieti</strong></span> <span class='ocrx_word' id='word_1_203' title='bbox 410 2802 473 2851; x_wconf 86' lang='lat' dir='ltr'><strong>quae</strong></span> <span class='ocrx_word' id='word_1_204' title='bbox 493 2785 579 2838; x_wconf 80' lang='lat' dir='ltr'><strong>facies.</strong></span> <span class='ocrx_word' id='word_1_205' title='bbox 597 2813 631 2824; x_wconf 89' lang='lat'><em>-</em></span> <span class='ocrx_word' id='word_1_206' title='bbox 658 2790 680 2836; x_wconf 77' lang='lat'><strong>2.</strong></span> <span class='ocrx_word' id='word_1_207' title='bbox 696 2787 731 2836; x_wconf 86' lang='lat' dir='ltr'><strong>De</strong></span> <span class='ocrx_word' id='word_1_208' title='bbox 749 2789 848 2852; x_wconf 87' lang='lat' dir='ltr'><strong>imperii</strong></span> 
     </span>
     <span class='ocr_line' id='line_1_34' title="bbox 140 2855 848 2924; baseline 0.007 -22"><span class='ocrx_word' id='word_1_209' title='bbox 140 2855 275 2904; x_wconf 88' lang='lat' dir='ltr'><strong>maiestate.</strong></span> <span class='ocrx_word' id='word_1_210' title='bbox 294 2879 329 2892; x_wconf 88' lang='lat'><strong>-·</strong></span> <span class='ocrx_word' id='word_1_211' title='bbox 347 2860 369 2906; x_wconf 78' lang='lat' dir='ltr'><strong>a.</strong></span> <span class='ocrx_word' id='word_1_212' title='bbox 381 2857 417 2906; x_wconf 89' lang='lat' dir='ltr'><strong>De</strong></span> <span class='ocrx_word' id='word_1_213' title='bbox 441 2859 563 2924; x_wconf 87' lang='lat' dir='ltr'><strong>sapientia</strong></span> <span class='ocrx_word' id='word_1_214' title='bbox 580 2865 604 2907; x_wconf 88' lang='lat' dir='ltr'><strong>et</strong></span> <span class='ocrx_word' id='word_1_215' title='bbox 627 2856 793 2907; x_wconf 87' lang='lat' dir='ltr'><strong>moderatione</strong></span> <span class='ocrx_word' id='word_1_216' title='bbox 820 2859 848 2907; x_wconf 91' lang='lat' dir='ltr'><strong>iu</strong></span> 
     </span>
    </p>
   </div>
   <div class='ocr_carea' id='block_1_11' title="bbox 0 0 1092 3400">
    <p class='ocr_par' dir='ltr' id='par_1_12' title="bbox 0 0 1092 3400">
     <span class='ocr_line' id='line_1_35' title="bbox 0 0 1092 3400; baseline 0 0"><span class='ocrx_word' id='word_1_217' title='bbox 0 0 1092 3400; x_wconf 95' lang='lat' dir='ltr'><strong> </strong></span> 
     </span>
    </p>
   </div>
  </div>
 </body>
</html>
