2212 3406
514 295 528 344 3

328 447 355 489 4.
368 443 446 488 Deus
459 443 631 488 iustissimus
647 447 699 489 est.
718 441 720 444 ’

141 534 274 600 Aspioiunt
286 534 366 585 oeulis
379 536 462 600 superr'
472 535 586 584 mortalis
596 537 679 586 iustis.
686 533 757 586 Ourn.
764 537 826 587 Met.
835 539 921 596 18‚70.

139 624 225 691 [Deus]
248 627 352 676 merenti
375 624 437 676 bene
453 623 587 690 profuerit,
607 625 671 676 mole
689 628 792 676 merenti
811 628 921 692 pererit.

562 716 654 768 Punur.
662 715 733 782 Cept.
740 719 764 779 2,
773 719 796 776 2,
804 721 846 770 65.

197 850 223 894 5.
237 848 312 894 Deus
326 850 458 894 omnibus
472 850 577 901 pariter
589 850 724 894 beneficis
736 850 844 894 tribuit.

157 939 224 990 Dens
243 939 364 1004 quaedem
383 954 485 990 munere
503 941 617 991 universo
634 938 741 990 humano
764 940 850 1004 generi
874 938 920 991 de-

120 1029 166 1088 dit,
184 1045 199 1080 a
218 1029 309 1094 quibus
327 1015 469 1081 excluditur
483 1045 562 1082 nemo.
597 1029 752 1083 Sundeben.
760 1034 784 1088 4,
793 1033 834 1089 28,
843 1032 867 1080 2.

154 1121 208 1170 Non
226 1120 305 1170 solnm
323 1122 437 1172 universo
451 1123 536 1184 generi
554 1120 693 1180 hominum,
714 1120 758 1172 sed
776 1123 851 1171 etiem
867 1121 920 1171 sin-

120 1210 188 1275 gulis
216 1226 231 1260 a
256 1211 295 1262 dis
322 1211 494 1261 inmortalibus
522 1211 618 1262 consuti
646 1216 672 1262 et
695 1211 820 1276 provideri
846 1211 918 1262 solet.

476 1300 528 1352 Gru.
537 1302 568 1352 de
575 1307 624 1352 nat.
631 1301 698 1352 deor.
706 1304 729 1362 2,
738 1305 779 1360 65,
790 1305 849 1354 164.

156 1392 228 1442 More
245 1394 391 1457 optimorum
412 1397 549 1457 parentum,
566 1393 610 1457 qui
629 1392 770 1444 maledictis
787 1390 920 1442 infantium

120 1495 221 1534 snorum
238 1482 360 1542 adrident‚
379 1498 428 1534 non
447 1487 544 1534 oessaut
563 1483 590 1532 di
607 1482 725 1534 beneficia
739 1495 870 1547 congerere
889 1482 920 1534 de

120 1571 296 1624 beneficiorum
314 1577 413 1624 auctore
431 1572 617 1631 dubitantibus
643 1573 687 1624 sed
712 1573 811 1638 eequsli
836 1579 920 1624 tenore

120 1662 186 1714 bona
216 1678 261 1714 sua
289 1679 333 1730 per
361 1667 448 1728 gentes
475 1663 628 1729 populosque
661 1662 813 1714 distribuunt
846 1677 922 1713 unum

119 1755 255 1819 potentiore
272 1755 352 1805 sortiti
371 1753 498 1819 prodesse.
534 1753 657 1819 Spargunt
674 1756 818 1820 opportunis
835 1751 922 1803 imbri·

29 1858 30 1861 ’
104 1843 168 1915 ¹bus
187 1849 272 1903 terras,
289 1846 367 1894 rueris
383 1846 445 1895 fletu
463 1850 570 1903 movent,
597 1844 706 1894 siderum
732 1858 807 1894 onrsu
836 1846 921 1894 notant

121 1939 239 2000 temporo,
258 1933 353 1986 hiemes
371 1939 529 1999 aestatesque
549 1937 688 1985 interventu
704 1933 805 1984 leuioris
819 1935 923 1999 spirutus

121 2025 245 2078 molliunt.
580 2023 674 2076 surde
683 2023 739 2075 ben.
748 2028 853 2084 7‚31‚4.

231 2179 257 2222 6.
271 2177 347 2222 Deus
359 2178 390 2221 in
401 2177 530 2222 homines
542 2173 818 2228 indulgentissimus.

159 2269 274 2320 Errorem
290 2267 426 2319 lubentium
446 2268 583 2317 animorum
600 2264 693 2331 placidi
711 2280 740 2315 eo
758 2265 859 2330 propitii
875 2263 921 2332 [di]

121 2359 214 2412 ferunt.
574 2355 848 2415 Sur.deben.t‚81‚4.

499 2528 554 2573 ΠΙ.

385 2633 436 2678 Dur
449 2631 520 2676 Dm
532 2629 665 2675 OUL'PU.

205 2723 229 2766 1.
242 2720 318 2766 Deus
331 2720 480 2764 hominum
492 2718 601 2763 cultum
613 2726 674 2760 non
687 2717 837 2760 desider-ot.

157 2812 248 2864 Diriuo
264 2827 310 2864 neo
325 2811 405 2864 iuvarr‘
424 2808 568 2862 desiderant
585 2822 631 2858 neo
647 2805 715 2858 laedi
732 2809 844 2871 possunt.

534 2897 590 2949 Sus.
598 2897 712 2948 deoonst.
720 2897 744 2956 8,
752 2898 775 2945 2.

682 2987 695 3032 1
704 2980 720 3013 tt
