2208 3402
505 261 537 308 89

160 379 231 430 Nulli
246 379 379 445 praeclusa
396 381 475 430 virtus
496 385 546 430 est:
565 379 676 430 omnibus
687 385 764 444 patet
783 395 866 430 omnes
878 379 922 430 ad-

127 472 211 530 mittit
231 485 316 521 cmnes
336 471 431 528 invitat,
449 472 569 534 ingenuos
586 469 717 521 libertinos
735 485 825 528 servos,
849 485 922 535 reges

129 561 241 622 exsules3
271 576 320 610 neu
348 560 420 624 eligit
448 561 548 610 domum
572 575 618 610 nec
647 576 761 620 censum,
786 561 852 611 nudo
877 561 922 612 ho·

131 653 198 702 mine
215 656 329 702 contenta
345 655 389 700 cst.
578 650 633 701 Sus.
644 651 770 710 debem3,
780 653 819 710 18,
829 655 851 700 2.

160 743 254 792 Bonam
273 748 379 792 mentem
397 743 500 792 stultum
517 747 554 792 est
576 745 670 806 optare,
689 756 745 792 cum
763 744 844 806 possis
862 759 877 792 a
897 746 922 793 te

127 831 262 895 impetrare
264 869 371 882 .....
390 833 466 883 Sacer
484 834 551 882 intra
569 847 614 882 ncs
632 835 734 896 spiritus
757 833 841 890 sedet,
868 847 922 882 ma-

128 921 210 972 lcrum
225 921 396 987 bonorumque
416 926 556 973 nostrorum
574 923 719 974 observator
741 928 765 972 et
784 928 875 972 custos.

604 1071 605 1075 Ἰ
624 1011 679 1063 Suu.
690 1014 770 1078 Epist.
778 1017 818 1073 41,
828 1018 850 1062 1.

163 1103 290 1155 Virtutem
306 1119 377 1154 nemo
395 1119 512 1167 umquam
531 1108 660 1168 acceptam
679 1105 726 1153 dee
747 1104 852 1154 rettulit.

532 1193 884 1252 O1e.denat.de0r.3‚sc‚8c.

161 1284 216 1334 Nou
234 1283 278 1334 dat
295 1289 384 1334 natura
401 1285 526 1342 virtutem,
544 1299 585 1334 ars
606 1288 643 1334 est
665 1266 755 1334 bouum
773 1283 834 1334 ficri,

641 1373 696 1424 Suu.
705 1374 784 1439 Epist.
796 1378 836 1433 90,
845 1377 886 1424 44.

163 1463 217 1514 Non
236 1463 337 1515 fortuna
353 1465 464 1516 homines
483 1465 628 1523 aestimabo,
649 1465 693 1514 sed
711 1463 830 1515 moribus.
867 1463 921 1516 Sibi

131 1556 236 1620 quisquc
254 1555 296 1604 det
314 1570 402 1614 mores,
423 1555 591 1606 condicionem
610 1569 682 1605 casus
701 1555 823 1619 adsignat.

569 1647 684 1695 Macucu.
692 1645 791 1695 satum.
800 1649 821 1703 1,
831 1650 852 1694 1.

163 1736 217 1789 Sibi
234 1738 340 1801 quisque
360 1736 404 1786 dat
421 1751 510 1795 mores,
528 1737 664 1786 ministeria
682 1750 755 1785 casus
767 1735 886 1800 adsignet.

613 1826 851 1890 Sau.Epist.47‚l4.

156 1967 183 2010 6.
197 1967 250 2010 Vis
262 1967 298 2012 ed
311 1968 444 2011 virtutem
460 1967 522 2010 aliie
535 1966 634 2018 facilis,
653 1965 713 2010 eliis
727 1967 815 2010 udus
826 1966 897 2020 viss,

388 2039 460 2083 nulli
472 2039 569 2082 saltem
581 2037 666 2082 invia.

162 2129 224 2188 Non,
246 2133 274 2180 ut
293 2128 445 2194 quibusdam
463 2130 544 2180 visum
563 2132 607 2186 est,
638 2129 743 2178 arduum
770 2129 797 2178 in
817 2131 923 2180 virtutes

129 2223 154 2270 et
177 2235 296 2284 asperum
319 2221 369 2270 iter
393 2223 443 2270 est:
469 2219 543 2283 plane
568 2219 690 2268 adeuntur
691 2256 802 2269 .....
833 2219 923 2270 Facilis

130 2313 168 2360 est
183 2311 216 2360 ad
235 2309 335 2360 beatam
353 2311 430 2368 vitam
447 2311 503 2372 vie3
525 2310 586 2359 inite
609 2309 681 2359 mcdc
707 2308 777 2360 bonis
803 2311 922 2374 auspiciis
970 2311 974 2316 ’

129 2401 240 2466 ipsisque
258 2401 298 2451 dis
313 2399 377 2452 bene
393 2399 543 2452 iuvantibus.
605 2399 659 2450 Sue.
667 2398 743 2450 deira
750 2403 773 2458 2,
783 2403 822 2458 13,
830 2403 853 2449 2.

165 2490 242 2542 Nulla
260 2492 309 2540 nisi
326 2489 404 2540 ardua
421 2492 510 2544 virtus,
605 2489 676 2540 Ovm.
683 2488 715 2540 A.
722 2488 754 2540 A.
763 2493 851 2549 2537.

162 2579 256 2632 Arcem
276 2581 308 2630 ad
321 2582 425 2632 ‘virtutis
442 2581 522 2646 leugis
541 2579 689 2644 ambagibus
706 2581 766 2630 itur.

528 2670 853 2722 Gmue.4cens.ch.·227‚

162 2759 237 2812 Gesta
262 2761 325 2810 mihi
350 2761 438 2810 domus
460 2767 485 2812 et
502 2760 569 2812 celso
588 2765 655 2812 stant
678 2759 744 2810 cotie
768 2763 883 2824 penates:

164 2849 253 2902 Ardua
269 2865 356 2902 saxoso
380 2851 496 2916 perducit
512 2853 601 2902 semita
618 2851 690 2902 clivo.
