2174 3400
550 281 600 328 150

210 398 370 464 Principibus
387 399 513 465 placuisse
531 401 592 451 viris
609 415 658 450 non
675 399 764 450 ultima
780 399 834 449 lans
853 405 901 449 est.

618 490 714 540 Hcsar.
726 490 805 555 Epist.
815 493 935 548 1‚1r‚35.

210 581 249 632 Ea
268 589 306 632 est
326 581 435 648 proiecto
452 581 563 632 iucunda
579 581 641 639 laus,
663 595 726 645 quae
744 580 776 631 ab
787 582 819 630 lis
836 580 981 645 proficisci·

177 673 249 730 citnr,
267 673 311 737 qni
330 673 380 738 ipsi
400 674 427 722 ln
443 671 517 722 lande
536 673 658 723 vixerunt.
684 669 736 721 Orc.
745 669 839 720 adism.
849 674 887 727 15,
897 673 956 728 6,1.
1068 696 1069 782 p

209 761 278 814 Vera
310 762 390 827 gloria
414 763 512 813 radices
533 763 585 824 erit
607 766 683 828 atque
711 763 786 812 etlam
808 765 979 826 propagatum

175 850 233 902 ficta
257 854 338 903 omnis
361 853 476 904 celeriter
498 859 623 917 tamquam
648 851 745 902 flosculi
768 850 900 906 decidunt,
927 865 979 901 nec
1069 862 1070 924 p

177 942 321 993 simulatum
340 945 471 1008 quicquam
490 948 574 1007 potest
592 958 647 994 esse
664 943 817 992 diuturnum.

607 1030 899 1090 Grc.de0ffic.2,12‚43.
1070 1030 1071 1092 l

213 1123 321 1173 Gloriam
339 1125 382 1188 qul
400 1124 527 1197 spreverit,
546 1139 628 1174 rerem
640 1121 748 1173 habebit.
766 1122 868 1179 er.22‚
881 1123 978 1179 39,19.

213 1211 273 1273 Quis
293 1218 366 1277 neget
384 1215 501 1264 eximiam
518 1214 623 1278 gloriam
642 1215 742 1278 saepius
755 1211 876 1270 fenenne,
896 1226 977 1276 qnam
1071 1196 1072 1248 l

177 1305 276 1356 virtutis
294 1318 349 1355 csse
368 1301 534 1354 beneficium?
748 1301 900 1360 Gcnr.8‚10.

211 1395 266 1445 Non
284 1399 387 1459 possunt
403 1395 478 1458 primi
495 1408 550 1444 esse
568 1408 652 1443 omnes
669 1393 735 1443 omni
751 1395 777 1443 in
795 1399 911 1458 tempore.

213 1484 340 1535 Summum
358 1483 389 1534 ad
407 1484 511 1548 gradum
529 1485 589 1533 cum'
605 1483 724 1534 claritatis
743 1485 844 1542 veneris,

211 1573 335 1626 Ocnsistes
361 1589 443 1639 segre,
474 1575 543 1624 nictu
567 1575 642 1624 citius
664 1573 773 1624 decidas.

281 1665 373 1715 Lines.
380 1664 446 1730 apud
452 1665 536 1714 Mncn.
544 1663 592 1714 Sat.
601 1666 624 1722 2,
633 1668 655 1722 7,
663 1667 685 1714 9.
692 1680 715 1729 p.
725 1667 775 1714 253
782 1665 820 1716 ed.
828 1665 900 1716 Ribb.

212 1755 280 1806 Laus
298 1770 361 1806 nore
378 1756 427 1805 nisi
444 1757 529 1813 oritur,
550 1755 626 1804 etiam
639 1761 711 1805 vetus
725 1757 854 1806 emittitur.
1074 1815 1075 1820 η

482 1845 557 1894 Pusn.
571 1843 627 1894 Srn.
636 1847 715 1910 2501).
725 1849 756 1895 27
761 1849 774 1896 6
783 1847 821 1897 cd.
829 1846 900 1897 Ribb.

213 1933 284 1994 Quod
309 1933 467 1998 magnificum
501 1933 624 2000 referente
649 1935 697 1986 alic
719 1935 823 1994 fuisset,
850 1939 905 2002 ipsc
929 1941 978 2003 qui

177 2026 283 2090 gesserit
300 2029 443 2076 recensente
460 2026 577 2075 vanescit.
683 2027 840 2091 Pnrr.Eplst.
850 2029 901 2086 1,8.

545 2175 599 2219 m·

240 2259 291 2303 Dm
304 2257 490 2305 niumm.
529 2261 579 2304 DE
593 2256 728 2305 AMORE
742 2261 792 2304 m
812 2261 912 2308 ODIO.

347 2331 398 2375 Dlll
412 2331 568 2376 FAVORE
581 2331 632 2375 ΕΤ
643 2331 805 2378 nevum.

466 2417 489 2462 1.
501 2417 543 2462 Do
555 2417 685 2462 amicitis.

213 2504 295 2556 Solem
313 2523 327 2557 e
344 2507 435 2557 mundo
454 2506 541 2558 tollere
558 2508 675 2559 ridentur
692 2511 736 2572 qui
756 2510 974 2560 amicitiamevita

178 2595 276 2655 tollunt,
296 2611 345 2661 que
363 2597 427 2648 nihil
445 2613 460 2646 a
477 2598 517 2648 dis
536 2597 708 2649 inmortalibus
737 2600 827 2650 melius
846 2599 972 2660 habemns,

177 2686 242 2756 nihil
261 2687 403 2739 iucundius.
654 2688 781 2741 O1c.Leel.
799 2694 838 2749 13,
848 2695 904 2741 147,

212 2775 333 2828 Amicitia
351 2793 448 2843 semper
465 2779 574 2844 prodest,
594 2793 662 2830 amor
679 2782 752 2831 etiam
778 2781 912 2846 aliqnando
929 2793 972 2832 no-

176 2869 223 2916 cet.
681 2870 823 2936 Ssr.Epist.
831 2875 872 2930 85,
880 2875 901 2921 1.
