2174 3400
490 263 538 313 183

265 419 299 454 De
312 426 392 461 recum
404 418 549 455 erudelitate.
580 420 614 455 De
627 421 739 462 tyrannia.

150 501 231 566 Regia
249 501 384 554 erudelitas
398 507 472 566 auget
487 504 644 554 inimieorum
655 517 782 554 nnmerum
794 501 910 554 tollendo.

112 591 239 643 Parentes
257 594 322 644 enirn
341 593 465 658 liberique
484 609 576 652 eorum,
595 598 639 658 qni
656 591 781 644 interfecti
798 597 867 650 sunt,
887 597 911 642 et

112 685 248 748 propinqui
266 691 290 734 et
309 686 383 734 amici
401 684 525 735 inlocum
545 685 697 749 singulorum
716 684 857 734 succedunt.

610 753 664 805 Srr.
672 754 779 805 dealem.
789 759 810 811 1,
821 755 844 812 8,
853 757 876 803 7.

150 843 183 893 Ut
200 842 306 894 fulmina
324 858 458 908 paucerum
477 845 589 910 periculo
604 845 702 903 eadunt,
718 846 826 894 omnium
835 849 911 902 metu,

115 935 154 984 sie
172 934 397 985 animadversiones
418 949 561 999 magnarum
584 940 733 1000 potestatum
758 939 849 984 terrent
874 934 910 983 la-

115 1025 169 1074 tius
187 1039 261 1088 quani
279 1029 390 1085 movent3
410 1041 458 1076 nen
475 1027 527 1077 sine
545 1041 633 1076 eausa:
653 1027 776 1076 nonenim
792 1031 910 1089 quantum

114 1112 212 1173 feeerit,
232 1115 275 1164 sed
294 1123 413 1179 quantum
434 1114 547 1167 facturus
567 1118 599 1166 sit
617 1118 739 1181 cogitatur
761 1117 787 1165 in
808 1130 850 1174 eo,
867 1116 911 1178 qui

117 1207 198 1254 omnia
215 1211 303 1270 potest.
575 1206 628 1258 Srn.
636 1207 810 1264 dealem.l,8,
818 1210 841 1256 5.

151 1295 207 1346 Hoc
223 1298 358 1360 pessimun
383 1297 458 1348 habet
483 1297 631 1356 crudelitas,
662 1297 727 1361 qued
752 1309 910 1361 perseveran-

117 1383 177 1436 dum
194 1391 233 1436 est
250 1403 296 1437 nec
313 1388 345 1438 ad
361 1388 464 1438 meliora
486 1395 554 1453 patet
577 1403 712 1452 regressus.

552 1456 606 1508 Sar.
617 1457 726 1508 declem.
736 1460 758 1515 1,
769 1459 808 1512 13,
817 1458 840 1504 2.

155 1543 305 1611 [Tyrannus]
322 1549 392 1596 timet
409 1549 529 1606 timentes,
546 1555 628 1599 metus
650 1550 676 1598 in
695 1551 821 1597 auctorem
838 1545 910 1598 redit.

623 1615 840 1681 sinoedipuoe.

152 1703 228 1764 Quem
247 1711 360 1756 metuunt
378 1707 496 1768 oderunt3
515 1724 588 1773 quem
605 1710 711 1774 quisque
729 1707 789 1766 edit,
808 1708 913 1772 periisse

118 1797 219 1860 expetit.
459 1799 518 1850 Eur.
526 1797 623 1863 ap.Gie.
631 1797 732 1850 deeffie.
740 1801 763 1858 2,
772 1800 842 1857 113.

152 1885 259 1938 Necesse
277 1894 314 1938 est
332 1889 423 1940 multos
441 1891 527 1940 timeat
544 1905 618 1955 quem
636 1889 710 1940 multi
731 1891 824 1939 timent.

258 1957 349 2008 Laena.
357 1959 423 2023 apud
430 1961 545 2010 Macron.
553 1959 634 2017 Sati,
643 1964 657 2009 1
666 1975 690 2024 p.
699 1961 748 2010 258
755 1959 794 2009 ed.
802 1955 874 2007 Ribb.

153 2047 305 2114 [Tyrannus]
323 2050 417 2100 invisus
436 2059 480 2108 est,
500 2051 559 2115 quia
577 2051 684 2108 timetur,
702 2059 727 2099 et
745 2049 826 2099 timeri
849 2045 911 2105 vult,

118 2139 176 2202 quie
193 2139 286 2189 inrisus
302 2143 347 2189 est.
384 2141 436 2191 Nee
459 2140 517 2191 illas
544 2142 612 2205 ipses
629 2154 732 2198 manus,
769 2137 860 2203 quibus
885 2152 911 2187 se

118 2230 245 2287 commisit
272 2243 358 2279 secure
379 2233 469 2295 aspicit
493 2237 518 2282 et
538 2230 583 2280 ille
604 2229 739 2281 execrabili
756 2243 842 2286 versu,
867 2227 911 2292 qui

119 2317 208 2369 multus
226 2319 296 2370 dedit
309 2323 466 2386 praecipites,
479 2325 571 2372 utitur:
591 2319 701 2379 Oderint,
722 2321 781 2370 dum
792 2321 910 2368 metuent.

555 2389 609 2442 Sur.
621 2391 652 2441 de
660 2390 730 2440 elem.
740 2395 762 2448 1,
771 2392 811 2447 12,
819 2393 842 2438 4.

153 2477 290 2544 Superbiae
310 2479 502 2545 crudelitatique
520 2483 567 2532 etsi
585 2495 662 2542 serae,
679 2497 726 2532 non
743 2486 825 2531 tamen
844 2478 911 2528 leves

118 2571 218 2621 veniunt
236 2585 337 2634 poenae.
706 2570 761 2621 Lir.
769 2573 792 2627 3,
800 2571 841 2619 56.

413 2697 448 2733 De
460 2706 541 2742 regum
554 2698 615 2732 aula.

222 2780 303 2831 Pauci
320 2794 400 2846 reges,
418 2796 466 2831 uon
486 2795 563 2845 regna
580 2781 670 2839 colunt,

225 2871 316 2922 Plures
334 2869 417 2936 fulgor
434 2873 542 2922 cerreitat
560 2871 640 2923 aulae.
