2212 3406
574 292 589 340 8

187 405 215 448 4:
229 403 356 449 Mundus
372 405 416 448 est
437 407 585 459 aternus,
599 407 648 451 sed
666 405 794 457 singulm
810 405 870 449 mus
886 408 983 456 panes

418 487 479 521 non
495 479 608 522 medem
624 478 747 522 manent.

221 564 346 629 Mundus,
364 571 464 618 aeterno
484 581 525 618 res
543 571 568 619 et
591 569 696 626 invicte,
714 572 824 618 mutetur
845 582 891 618 nec
913 565 981 618 idem

185 661 275 707 manet.
669 657 912 723 Srr.Epist.58‚24.

221 744 285 806 Quid
303 747 418 812 cuiqnam
437 749 498 798 setis
516 753 596 798 tntum
615 749 694 800 videri
718 751 813 813 potest,
833 745 983 798 simundus

185 837 240 902 ipse
260 839 398 888 concutitur
415 842 439 889 et
452 844 535 904 partes
552 840 605 890 eins
624 839 789 889 solidissimae
807 835 910 888 labanti

630 928 684 981 Sur.
691 927 881 988 Nst.,Qusest.6‚
889 931 912 988 1,
920 930 945 978 8.

561 1080 601 1125 11.

482 1169 533 1213 mm
547 1167 680 1214 onum.

221 1256 283 1310 Gum
300 1264 390 1310 terrem
407 1274 457 1309 nox
475 1261 599 1324 opacavit,
622 1266 675 1310 tum
693 1260 789 1312 coelum
803 1265 881 1310 totum
900 1261 981 1311 cerni-

184 1362 240 1399 mus
263 1351 337 1400 astris
362 1349 506 1400 distinctum
530 1355 554 1402 et
579 1356 690 1401 ornatum
714 1350 837 1416 lunaeque
859 1351 980 1401 luminum

184 1440 327 1491 venientem
345 1443 397 1490 tum
420 1443 553 1492 crescentis
571 1446 623 1492 tum
648 1443 798 1493 senescentis
821 1441 980 1505 siderumque

185 1530 293 1580 omnium
309 1535 377 1580 ortus
397 1536 422 1581 et
439 1545 540 1581 occasus
558 1535 632 1597 etque
651 1533 761 1582 inomni
780 1533 924 1583 aeternitate
937 1545 980 1581 re-

185 1625 223 1671 ios
240 1619 449 1684 inmutabilesque
468 1635 564 1674 cursus,

303 1716 306 1721 '
364 1709 943 1777 Asrsrornr.apudCio.denat.deor.2,37‚95.

218 1795 269 1858 Quo
279 1791 378 1864 ¹gaudio
398 1799 471 1850 adiici
490 1817 591 1852 necesse
608 1808 646 1852 est
658 1804 777 1867 sapientis
788 1804 904 1860 animum,
922 1815 979 1852 oum

182 1890 259 1940 totius
277 1887 364 1939 mundi
378 1895 459 1941 motus
476 1893 694 1956 conversionesque
709 1893 862 1958 perspexerit
885 1891 982 1942 sidere·

183 1993 232 2044 qne
247 1979 336 2031 viderit
361 1981 552 2032 innumerabilia
575 1981 643 2033 eaelo
666 1982 820 2035 inhaerentis
843 1997 899 2033 cum
923 1983 980 2033 eius

182 2069 263 2136 ipsius
281 2077 350 2122 motu
361 2071 515 2136 congruere?
644 2072 695 2124 Oro.
703 2072 778 2123 ‘iirsc
786 2076 810 2130 5,
818 2074 859 2130 24,
867 2075 907 2123 69.

550 2226 604 2272 ΠΙ.

441 2315 492 2359 ΒΕ
507 2315 714 2362 summus.

461 2402 483 2446 1.
497 2400 539 2446 De
552 2402 700 2448 sideribus.

221 2487 344 2554 Cogitatio
361 2494 445 2542 nostra
464 2490 526 2542 coeli
546 2493 697 2542 munimenta
707 2494 844 2559 perrumpit
856 2508 902 2544 nec
919 2507 978 2546 cen-

182 2585 250 2632 tento
270 2584 308 2632 est
328 2579 356 2630 id
373 2580 440 2646 qnod
457 2581 595 2633 ostenditur
613 2583 683 2632 scire.

689 2671 744 2723 Sru.
752 2672 783 2724 de
792 2674 841 2724 etio
851 2678 874 2733 5,
883 2676 906 2724 6.

444 2803 470 2848 2.
483 2803 525 2847 Do
541 2804 630 2850 stellis
642 2805 715 2851 fixis.

218 2891 310 2946 Stellae
328 2909 413 2946 omnes
430 2899 454 2946 et
473 2893 562 2954 sidem,
581 2909 644 2960 quse
662 2896 740 2948 infixe
762 2899 831 2951 coelo
854 2897 976 2960 ridentur,
