2174 3400
546 278 595 325 132

209 397 274 448 'Iuni
291 397 397 461 denique
414 396 527 447 homines
546 398 629 447 nostra
646 396 815 460 intellegimus
833 395 904 455 bona,

211 485 273 540 Cum
292 501 356 552 quae
373 489 399 537 in
416 483 537 552 p'otestaie
553 486 693 544 habuimus,
714 502 743 537 ea
764 488 897 537 amisimus.

652 577 744 626 Pmur.
752 576 884 642 Capt.1,2,
893 581 934 627 39.

209 667 256 719 Est
275 667 337 719 haee
359 672 447 718 natura
461 667 614 726 mortalium,
638 671 666 716 ut
684 667 747 716 nihil
766 669 846 731 magis
864 667 974 732 placeat,

175 773 249 825 quam
268 758 334 823 quod
350 760 469 808 amissum
487 761 531 809 est.
551 757 605 808 Suu.
616 756 900 815 deuons.ad.Mare.16,
909 760 933 807 8.

209 849 264 900 Hoc
283 847 375 900 habent
391 850 564 914 gravissimum
582 847 681 906 damna,
699 847 766 912 quod
785 849 827 898 vix
843 847 895 898 ulia
915 849 972 898 sine

174 941 326 1007 paenitentia
343 944 408 990 sunt.
606 937 897 996 Qummn.Deolam.820.

208 1029 429 1095 Quotumquodque
447 1028 530 1078 damni
549 1043 628 1092 genus
644 1032 689 1086 est,
721 1029 762 1078 cui
781 1043 829 1078 non
847 1028 973 1092 applicari

172 1121 331 1187 reprehensio
348 1118 451 1185 possit?
818 1117 897 1168 idib.

322 1239 362 1284 12.
376 1238 417 1284 De
436 1215 611 1290 paupertate.
635 1238 677 1282 De
690 1239 820 1290 egestate.

207 1330 261 1381 Non
277 1334 337 1394 puto
354 1343 494 1394 pauperem,
516 1329 557 1378 oui
582 1327 829 1392 quantulumcunque
855 1332 970 1392 superest

172 1425 211 1472 sat
229 1425 274 1471 est.
690 1417 744 1468 Suu.
752 1418 832 1482 Epist.
843 1421 864 1475 1,
874 1421 897 1468 5.

207 1511 306 1576 Pauper
329 1525 375 1560 non
395 1513 440 1568 est,
459 1511 501 1560 oui
518 1523 602 1560 rerum
620 1510 730 1573 suppetit
750 1523 818 1558 usus.

543 1638 544 1642 Ἰ
634 1578 899 1654 Hoa.upist.1‚in,4.

208 1672 262 1723 Nou
281 1671 324 1734 qui
348 1683 439 1734 parum
463 1667 547 1727 habet,
566 1669 611 1720 sed
641 1670 684 1733 qui
701 1668 757 1733 pius
784 1669 853 1732 eupit
876 1681 972 1732 pauper

173 1767 218 1814 est.
639 1743 642 1746 Ι
691 1759 864 1823 Suu.Epist.2‚
875 1762 898 1808 6.

131 1861 134 1867 '
209 1852 309 1918 Semper
317 1853 387 1916 inops
398 1851 549 1915 quicumque
562 1851 637 1914 eupit.
656 1849 746 1901 Gnaun.
757 1851 782 1898 in
790 1849 868 1916 Ruiin.
879 1852 900 1905 l,
910 1851 969 1908 200,

114 1965 120 1976 ·
207 1943 343 2008 Pauperior
359 1943 423 1992 votis
441 1941 547 2003 quisque
567 1944 620 1996 est,
640 1954 687 2002 quo
706 1939 779 2003 plura
796 1939 900 2002 requirit
901 1983 925 2016 ᾗ

207 2035 259 2087 Neu
268 2032 333 2098 quod
343 2029 419 2081 habet
429 2033 549 2086 numerat,
560 2033 656 2078 tantum
665 2029 729 2092 quod
746 2027 877 2079 nonhabet
891 2033 968 2094 optat.

635 2100 728 2148 Mauri.
737 2097 836 2148 Astron.
845 2101 868 2155 4,
877 2102 899 2147 7.

208 2194 290 2247 Gausa
308 2187 461 2256 paupertatis
484 2186 610 2251 plerisque
627 2187 737 2252 probitas
755 2195 800 2238 est.
830 2185 968 2245 evanui.

131 2277 137 2292 ⁸
207 2287 288 2335 Bonae
305 2280 394 2330 mentis
413 2290 480 2328 soror
495 2281 532 2327 est
550 2283 690 2342 paupertas.
720 2278 825 2327 Peneon.
833 2276 882 2327 Sat.
890 2280 931 2328 84.

207 2373 283 2426 Haud
301 2367 377 2421 iaeiie
395 2371 529 2432 emergimt,
548 2381 653 2432 quorum
669 2368 803 2419 virtutibus
824 2367 905 2418 obstat

208 2465 258 2516 Res
276 2463 380 2526 angusta
397 2459 470 2510 domi.
660 2457 896 2517 Iovnu.Sat.3,164.

207 2555 337 2619 Ingenium
353 2550 476 2615 quondam
491 2549 575 2602 fuerat
593 2550 727 2614 pretiosius
746 2563 818 2608 auro:

244 2644 280 2696 nt
296 2656 361 2694 nuno
382 2639 507 2692 barbaries
526 2641 627 2705 grandis
649 2638 741 2690 habere
761 2638 832 2690 nihii.

642 2707 711 2760 Onu.
719 2707 802 2759 Amor.
811 2713 833 2768 3,
841 2709 864 2767 8,
873 2711 895 2758 3.

209 2803 340 2855 Hominem
358 2801 466 2865 experiri
483 2800 562 2850 multa
576 2803 708 2866 paupertas
725 2798 802 2850 iubet.

491 2869 566 2920 Puni.
575 2869 629 2921 Suu.
640 2872 685 2919 191
695 2885 719 2935 p.
728 2871 779 2919 273
786 2869 818 2920 ed
824 2868 895 2920 Ribb.
