2212 3406
489 312 532 346 XLI

107 398 237 448 cumulare
266 406 340 464 atque
358 401 393 450 ita
416 416 448 450 ex
472 402 539 450 tenui
565 399 649 450 libello
673 400 791 464 grandem
815 397 905 455 faeere,

107 515 192 560 tamen
211 513 303 561 omissa
318 511 365 562 liae
382 513 437 577 ipsa
456 513 600 576 exiguitate,
611 527 675 576 quae
684 513 828 576 praesertim
839 527 905 561 sum-

108 635 177 671 mum
195 622 296 673 haberet
313 627 337 672 et
362 623 489 688 deligendi
506 623 627 673 iudicium
646 627 670 673 et
685 621 838 673 discribendi
856 621 906 674 sol-

108 731 214 792 lertiam,
235 749 382 799 magnopere
393 735 527 786 verendum
545 733 681 794 videbatur,
699 751 730 784 ue
748 734 786 786 vel
799 733 907 800 pruden-

107 846 202 895 tissimi
222 847 268 896 viri
288 845 451 896 deliberatum
475 846 605 897 consilium
629 833 748 897 arbitratu
772 862 826 896 meo
851 861 907 911 per-

108 961 230 1006 verterem
247 956 287 1007 vel
305 956 337 1006 de
354 957 437 1023 lepore
463 958 605 1022 modicique
629 963 760 1023 apparatus
784 957 908 1021 elegantia

109 1067 215 1118 multum
236 1067 390 1119 detraherem
408 1068 447 1120 vel
463 1071 543 1135 ipsius
564 1069 621 1119 libri
641 1073 669 1119 ut
681 1068 799 1118 ambitum
811 1085 839 1120 ac
851 1084 906 1134 pre-

110 1181 173 1229 tium
193 1193 308 1244 augerem
327 1181 362 1230 ita
385 1180 479 1231 aditum
503 1181 534 1230 ad
558 1179 753 1247 pervulgandrun
780 1181 907 1231 deminue-

110 1306 163 1341 rem
196 1293 326 1355 minusque
349 1307 405 1342 eum
432 1291 581 1343 vendibilem
605 1291 740 1343 redderem.
791 1293 862 1342 Nunc
884 1297 908 1342 ei

110 1404 218 1468 partium
237 1402 374 1468 discriptio,
392 1404 417 1452 in
447 1417 496 1467 qua
519 1402 563 1452 ille
583 1419 629 1452 non
654 1404 767 1454 inmerito
785 1403 908 1466 gloriaba-

112 1518 160 1572 tur,
181 1518 231 1564 tota
250 1519 346 1564 servata
363 1519 401 1564 est
420 1517 614 1577 necquicquam
633 1514 745 1564 additum
770 1517 818 1564 nisi
842 1515 908 1579 quod

19 1683 20 1698 χ
47 1618 49 1620 ’
112 1628 175 1690 ipse,
194 1604 252 1674 dum
270 1625 374 1683 vivebat,
391 1625 544 1676 nitidissima
565 1641 639 1676 manu
665 1630 789 1690 tamquam
815 1625 908 1675 adden-

113 1737 172 1787 dum
193 1738 378 1802 perscripserat,
402 1752 465 1802 quae
485 1736 516 1786 ad
536 1752 580 1786 nos
604 1738 750 1786 transmissa
774 1751 818 1786 suo
835 1737 909 1801 quid·

113 1864 161 1912 que
180 1847 233 1898 loco
244 1848 537 1906 inserendacuravimus·,
556 1849 707 1912 paucissima
720 1862 828 1906 numero,
846 1865 910 1912 quae

113 1961 195 2009 minus
215 1959 342 2010 commoda
363 1959 522 2018 videbantur,
542 1958 687 2010 delevimus.
724 1959 777 2024 Ipsi
801 1962 909 2010 omnium
965 2017 967 2021 ,

113 2072 221 2122 maxime
239 2070 266 2119 id
284 2085 360 2120 uuum
386 2072 490 2135 egimus,
514 2075 542 2121 ut
566 2071 727 2136 scriptorum,
752 2070 842 2134 quibus
866 2070 910 2120 ille

113 2198 174 2233 usus
192 2187 251 2238 erat,
270 2181 331 2232 locis
349 2184 438 2232 iterum
460 2181 616 2232 conterendis
630 2187 653 2232 et
672 2181 704 2231 ad
716 2183 809 2246 optima
827 2198 909 2232 exem-

112 2285 192 2352 plaria
209 2285 383 2351 componendis
402 2285 521 2350 quicquid
541 2288 567 2335 in
587 2284 667 2336 verbis
686 2287 825 2336 numerisve
852 2303 911 2351 pec-

113 2395 195 2440 catum
214 2395 287 2447 asset,
312 2404 376 2453 quae
400 2389 501 2454 quidem
526 2391 610 2440 nescio
634 2404 682 2454 quo
706 2396 778 2454 paeto
805 2389 911 2456 plurima

114 2509 169 2544 esse
186 2495 333 2552 irn'enimuS,
354 2493 487 2557 diligenter
506 2495 692 2558 corrigeremus,
713 2508 786 2558 quem
803 2494 910 2546 laborem

115 2597 192 2647 taedii
208 2596 382 2662 plenissimum
400 2598 547 2647 amicissimi
564 2599 612 2648 viri
632 2599 750 2648 memoria
774 2614 803 2648 ac
830 2614 911 2650 recor-

115 2699 181 2750 datio
201 2701 303 2751 mirifice
329 2701 459 2766 mitigavit.
502 2701 615 2765 Denique
639 2703 754 2765 quoniam
783 2702 912 2754 videbatur

115 2803 236 2854 eiusmodi
263 2819 319 2856 esse
335 2804 451 2863 libellus,
475 2805 518 2869 qui
542 2806 608 2854 omui
625 2806 700 2854 aelati
724 2819 779 2854 eum
801 2806 911 2858 delecta-

115 2911 180 2960 tione
201 2908 319 2974 prodesse
337 2915 362 2960 et
379 2909 474 2960 aditum
491 2924 539 2959 non
563 2909 595 2958 ad
613 2909 679 2960 viros
699 2910 772 2962 modo
789 2912 911 2978 periectos

693 2993 709 3043 d
