2212 3406
498 289 544 324 m

119 375 184 436 ford,
200 379 244 441 qui
254 377 376 443 Corcyrae
386 377 523 428 litterarum
542 379 727 430 universitatem
745 391 801 428 oum
818 391 915 428 summa

119 469 160 517 sui
178 469 252 518 etiam
275 470 365 533 privati
383 468 490 520 hominis
512 466 661 518 liberalitate
686 466 831 518 conditurus
854 471 914 526 erat,

117 559 155 608 ita
174 557 392 616 commendaverat,
409 563 437 608 ut
456 556 489 610 ad
506 557 650 608 Latinarum
668 556 804 608 litterarum
817 555 915 622 profes-

118 649 215 698 sionem
232 663 272 698 me
290 649 412 700 invitaret,
448 647 497 700 Sed
520 662 560 698 res
580 650 679 712 utrique
704 651 814 698 nostrum
843 645 916 698 aliter

117 739 207 790 evenit.
244 737 292 791 Vel
308 740 386 804 petris
404 738 537 798 voluntati,
559 740 602 803 qui
620 740 719 790 interim
737 753 815 788 senex
833 735 915 790 faetus

117 827 284 879 domesticum
301 827 406 880 filiorum
419 830 557 882 conuictum
567 828 733 888 desiderabat,
751 827 863 879 obsecuti
877 827 916 878 ael

117 917 240 977 fortunae,
260 933 322 983 qnae
339 921 366 970 in
383 921 449 970 omni
469 935 496 970 re
513 918 661 978 dominatur,
678 917 779 970 arbitrio
798 916 915 969 cedentes

116 1010 145 1060 iu
162 1010 244 1074 patria
260 1008 321 1060 urbe
339 1008 423 1060 sedem
442 1025 472 1060 ac
489 1008 645 1060 domicilium
662 1010 843 1060 constituimus.
862 1008 915 1060 Neo

116 1104 157 1150 est
176 1098 243 1164 quod
260 1099 335 1150 huius
353 1099 452 1150 consilii
469 1115 513 1152 nos
532 1114 640 1164 unquam
660 1101 814 1164 poenituerit.

155 1188 198 1240 Sic
217 1189 283 1254 qnod
303 1194 432 1240 nascentes
451 1189 514 1242 vidit
532 1189 612 1240 solnm
630 1191 703 1254 quasi
722 1189 845 1240 theatrum
861 1187 915 1242 fae·

119 1285 172 1331 tum
188 1285 234 1338 est,
251 1282 277 1330 in
295 1295 343 1345 quo
363 1282 468 1332 virorum
486 1285 659 1332 exercerentur
680 1282 751 1332 vires.
787 1279 825 1330 Ac
844 1278 917 1332 deest

117 1385 172 1429 uos,
191 1375 229 1430 te,
249 1373 293 1435 qui
314 1385 428 1436 magnam
446 1373 511 1422 vitae
528 1375 623 1436 partem
644 1370 737 1422 Gothae
759 1371 917 1434 transegeris.

117 1476 173 1520 me,
191 1463 234 1524 qui
250 1460 335 1511 sedem
353 1475 477 1525 uunquam
496 1459 545 1511 alio
563 1460 743 1519 transtulerim,
770 1474 826 1510 oum
847 1462 917 1523 grato

54 1618 55 1622 Ἰ
118 1554 201 1602 animo
218 1551 327 1616 profiteri
345 1559 369 1601 et
386 1566 444 1616 prae
460 1550 529 1602 nobis
545 1550 627 1610 ferre,
648 1565 710 1614 quae
727 1551 821 1616 patriae
840 1547 917 1608 urbis,

117 1657 175 1693 curn
193 1656 295 1692 munere
314 1644 518 1707 suscepissemus,
537 1640 607 1692 nobis
626 1640 721 1691 oblatae
744 1641 794 1692 sint
810 1653 916 1690 eommo-

115 1731 219 1782 ditates.
255 1731 305 1784 Sed
328 1747 359 1782 ne
384 1731 467 1782 studio
483 1731 590 1795 quodam
615 1738 640 1781 et
664 1745 745 1781 amore
766 1733 852 1795 captus
872 1743 916 1780 cu-

117 1822 204 1888 pidius
224 1837 298 1886 quam
316 1824 398 1872 verius
417 1837 490 1886 agere
505 1821 596 1880 videar,
615 1820 664 1872 alio
683 1827 738 1872 utar
757 1825 820 1870 teste
839 1834 917 1884 eoque

115 1915 228 1963 omnium
246 1914 399 1976 gravissimo.
422 1911 562 1962 Fridorieus
580 1909 710 1962 Jacobsius
729 1916 780 1970 est,
805 1925 852 1974 quo
871 1923 914 1960 ne·

117 2005 212 2052 minem
230 2009 264 2062 tu,
283 2005 317 2053 mi
337 2001 420 2061 frater,
440 2001 565 2052 lubentius
583 2000 678 2052 audias.
707 1999 853 2050 Habitamus
867 2001 917 2063 igi-

118 2099 159 2144 tur
177 2107 234 2151 nos.
255 2099 283 2143 ut
302 2095 358 2158 ipsa
379 2095 433 2142 eius
453 2091 526 2142 verba
542 2106 645 2156 ponam,
664 2093 691 2142 in
709 2105 739 2140 ea
756 2088 829 2148 urbe,
853 2103 917 2154 quae

117 2184 184 2234 inter
201 2183 337 2234 medioeres
347 2183 492 2234 Germaniae
508 2180 582 2232 urbes
600 2197 646 2232 non
664 2179 783 2232 mediocri
795 2177 916 2232 felicitate

116 2273 218 2338 gaudet.
253 2273 315 2323 Nam
342 2275 364 2324 si
387 2274 444 2337 quis
463 2273 602 2324 Pacuviano
626 2270 670 2321 illo
693 2274 801 2322 invenus
825 2273 914 2320 olitana

120 2368 237 2426 amonium
254 2381 327 2414 cum
345 2369 434 2414 manua
452 2372 476 2412 et
492 2366 578 2412 eomas
593 2371 675 2424 penus
698 2371 722 2412 et
745 2364 815 2412 urbes
833 2363 914 2424 despi-

118 2472 174 2504 cere
189 2465 212 2504 et
231 2458 306 2505 ocolia
319 2458 462 2506 collustrare
474 2457 562 2516 poeste,
583 2451 705 2502 multasne
723 2453 837 2518 reperiat,
853 2465 916 2516 quae

117 2556 163 2606 pro
181 2556 225 2592 suo
243 2541 342 2592 modulo
359 2541 443 2606 plures
464 2539 496 2590 ud
514 2539 609 2590 litteras
628 2543 653 2588 et
668 2543 734 2588 artes
747 2539 916 2603 opportunita-

118 2632 156 2678 tes
177 2627 278 2678 offerent
301 2627 435 2692 pluresque
453 2628 510 2677 sinu
534 2628 601 2678 cives
622 2625 731 2684 foveant,
757 2626 801 2688 qui
826 2623 916 2676 oblatis

118 2714 160 2764 his
178 2713 313 2764 commodis
330 2713 463 2779 prudenter
479 2711 600 2763 utantur?
635 2711 756 2772 Quantum
778 2717 859 2762 autem
877 2715 916 2762 est

117 2802 145 2852 in
163 2815 193 2849 ea
211 2798 272 2850 urbe
291 2801 384 2858 vivere,
404 2813 454 2863 qua
472 2814 528 2850 eum
546 2799 683 2850 litterarum
702 2797 793 2848 studiis
814 2796 916 2848 libertas

119 2888 249 2940 coniuncta
266 2891 318 2944 est,
340 2885 407 2950 leges
427 2885 553 2942 coluntur,
571 2886 730 2948 magistratus
750 2882 916 2942 observantur,
