2174 3400
476 275 524 324 185

307 433 340 468 De
353 431 432 474 regiae
445 433 562 474 potentiae
575 432 694 467 ministris.

133 517 232 582 Regiae
252 520 377 583 potentiae
402 520 527 569 ministros
554 517 661 568 delectat
690 521 814 582 potentiae
838 535 898 572 suae

95 609 205 674 longum
223 610 392 676 spectaculum
409 612 539 674 minusque
558 626 583 661 se
601 611 713 661 iudicant
738 626 822 676 pesse,
850 613 899 662 nisi

95 701 146 750 diu
165 702 321 768 multumque
339 701 444 764 singulis
463 703 524 766 quid
540 705 634 767 possint
654 703 817 762 ostendetint3
836 703 899 752 nihil

96 790 242 850 confestim,
261 791 325 842 nihil
343 792 420 842 semel
438 792 547 849 faciunt:
568 795 674 844 iniuriae
704 793 806 844 illorum
824 808 897 858 prae-

97 883 200 947 cipites,
220 882 286 934 lenta
303 882 421 934 beneficia
440 891 503 934 sunt.
574 884 628 935 Suu.
637 885 667 934 de
677 884 732 934 ben.
741 887 827 942 2,t,1.

474 1059 525 1105 1v.

234 1165 284 1210 DE
297 1167 460 1211 memus
473 1167 522 1212 ΕΤ
535 1168 585 1211 Dm
599 1167 761 1214 Iumenta.

154 1231 157 1236 ⁸
395 1253 419 1298 1.
431 1253 472 1298 De
484 1253 601 1305 legibus.

135 1343 183 1393 Est
202 1342 245 1394 lex
263 1343 326 1394 nihil
344 1345 420 1402 ahud,
446 1346 496 1394 nisi
519 1349 587 1395 recta
609 1353 633 1396 et
658 1361 673 1396 a
696 1349 795 1397 numine
819 1353 896 1399 tracte

98 1435 171 1492 ratio,
187 1435 309 1499 imperans
328 1434 437 1490 honesta,
459 1435 593 1500 prohibens
617 1439 745 1487 centraria.

554 1525 823 1586 Gnc.Phil.11,12,28.

134 1615 306 1668 Vetustissimi
324 1617 472 1674 mortalium,
491 1618 560 1668 nulla
583 1619 666 1669 adhuc
691 1619 757 1670 mala
782 1619 894 1681 libidine,

101 1709 154 1758 sine
175 1707 274 1773 probro,
294 1696 397 1766 scelere,
417 1723 496 1772 ecque
515 1711 568 1760 sine
586 1725 665 1774 poena
684 1719 726 1760 aut
738 1713 894 1762 coercitioni·

100 1797 147 1849 bus
166 1797 283 1862 agebant,
309 1814 390 1862 neque
408 1801 526 1864 praemiis
543 1815 603 1864 opus
623 1807 687 1860 eret,
711 1817 767 1852 cum
793 1802 894 1852 honesta

104 1885 189 1954 sucpte
207 1891 306 1954 ingenio
327 1895 478 1954 peterentur,
496 1895 520 1940 et
539 1891 582 1941 ubi
603 1891 668 1941 nihil
692 1899 777 1944 centra
801 1907 894 1942 morem

103 1985 228 2044 cuperent,
247 1979 311 2030 nihil
331 1997 376 2046 per
393 1985 486 2032 metum
504 1979 655 2033 vetabantur.
679 1982 893 2041 Tnc.Ann.3‚26.

70 2079 72 2083 ’
132 2069 270 2140 ¹Postquam
288 2069 477 2136 subrepentibus
494 2073 560 2124 vitiis
584 2073 610 2122 in
633 2073 792 2138 tyrannidem
815 2090 893 2138 regna

103 2174 171 2211 versa
190 2167 254 2219 suut,
273 2167 334 2226 epus
353 2177 407 2214 esse
425 2165 506 2228 coepit
527 2162 633 2228 legibus.
653 2162 707 2213 San.
715 2163 795 2228 Epist.
803 2167 843 2224 90,
852 2169 874 2216 6.

135 2251 214 2315 Leges
233 2253 320 2319 primo,
341 2252 448 2304 rudibus
474 2254 600 2303 hominum
626 2255 745 2319 ingeniis,
767 2255 894 2323 simplices

103 2346 177 2395 erant.
583 2345 670 2396 Teum.
678 2344 741 2396 Anu.
751 2350 773 2403 3,
783 2349 823 2398 26.

136 2435 207 2486 Mens
224 2437 248 2484 et
268 2435 364 2486 animus
381 2437 405 2486 et
424 2435 554 2485 ccnsihum
571 2437 679 2486 civitatis
695 2439 776 2501 posita
790 2444 847 2490 sunt
863 2439 889 2492 in

105 2523 206 2590 legibus.
498 2523 819 2594 Gnc.pnc(lluent.53,146.

136 2614 166 2664 Ut
183 2628 288 2680 corpora
305 2617 388 2667 uestra
405 2617 459 2668 sine
475 2621 564 2674 mente,
585 2618 621 2670 sic
646 2619 733 2670 civitas
758 2620 812 2671 sine
834 2618 891 2684 lege

107 2706 153 2759 suis
169 2703 289 2774 partibus,
309 2709 337 2756 ut
353 2709 434 2759 nervis
463 2722 492 2757 ac
518 2709 637 2772 sanguine
661 2713 686 2758 et
706 2708 829 2768 membu's,
853 2712 891 2762 uti

107 2809 150 2846 non
163 2801 251 2862 potest.
565 2797 666 2864 (hupm
672 2800 739 2851 Mur.
749 2802 772 2858 9,
782 2802 821 2850 19.

136 2883 231 2938 constat
248 2885 358 2952 proiecto
375 2887 407 2938 ad
425 2887 530 2940 salutem
548 2891 640 2940 civium
659 2891 836 2956 civitatumque
853 2893 891 2942 in-
