2212 3406
546 287 625 321 xxxlv

189 374 248 422 teris
269 378 349 422 tecum
369 376 473 424 miscere
496 389 627 433 sermones,
648 390 680 424 ex
701 375 792 439 quibus
808 393 856 426 non
873 377 984 442 volupta-

190 467 238 512 tem
259 463 339 522 modo,
361 465 405 514 sed
426 463 533 514 fructum
553 468 626 514 etiam
647 481 807 530 permagnum
824 482 870 516 me
888 469 986 532 cepisse

188 558 272 617 gratus
296 555 415 619 profiteor.
457 556 506 605 Hic
534 558 589 620 ipse
619 556 733 616 libellus,
759 563 882 622 utcunque
905 559 937 608 de
956 575 985 610 ec

131 685 135 695 .
186 643 351 703 iudicabitur,
376 643 536 696 familiarium
561 647 659 697 illorum
684 663 822 698 sermonum
845 651 917 700 tastis
937 655 983 699 est.

188 734 250 786 (lum
273 735 303 784 ad
327 739 427 796 amicos,
446 753 507 800 quas
527 754 572 802 ego
597 738 724 798 habebam,
747 743 821 790 etiam
842 742 862 789 ii
882 739 984 788 aceede-

186 831 248 884 rent,
268 841 329 890 quos
350 833 376 877 tu
397 831 511 892 reperisti
544 836 624 879 vetere
646 830 824 879 consuetudine
845 829 891 879 tibi
914 832 984 880 iunc-

187 920 239 975 tos,
261 944 294 953 —
316 922 340 966 et
364 919 382 967 ii
403 917 503 980 quidemr
522 919 637 982 permulti
659 925 729 978 sunt,
754 919 878 983 siquidem
900 936 984 971 ornnes

188 1008 230 1070 qui
249 1013 273 1058 te
289 1014 376 1058 norunt
399 1011 473 1058 etiam
494 1017 575 1058 amant
597 1036 628 1046 -
652 1008 767 1073 frequens
790 1009 860 1060 nobis
879 1026 934 1061 cum
948 1014 981 1062 iis

188 1098 354 1147 intercedebat
374 1099 532 1157 consuetudo,
550 1115 612 1163 quae
624 1100 725 1162 quidem
739 1102 795 1164 ipsa
813 1101 885 1165 longe
895 1104 982 1152 iucun-

188 1187 308 1238 dissimas
329 1189 391 1238 mihi
408 1191 497 1239 extitit
515 1193 580 1240 ritae
596 1205 676 1240 causa.

220 1278 313 1331 Verum
339 1281 427 1328 iterata
456 1279 517 1330 haec
537 1287 646 1330 nostrum
668 1282 806 1331 coniunctio
824 1297 871 1331 non
893 1297 982 1348 perpe-

186 1375 228 1419 tua
255 1375 306 1420 erat
331 1369 420 1420 lutura.
458 1370 576 1435 Georgius
599 1371 658 1428 dux,
681 1373 820 1436 inpiorum
843 1371 915 1422 sedes
932 1374 982 1422 iam

184 1465 312 1525 receptuS,
338 1476 426 1524 magno
451 1462 486 1510 tui
514 1461 641 1511 tenebatur
665 1461 797 1512 desiderio.
835 1461 896 1512 (lum
926 1461 983 1526 plus

185 1550 261 1600 semel
288 1551 318 1600 ab
342 1567 370 1601 ec
394 1553 525 1609 invitatus,
560 1552 626 1616 quod
650 1551 763 1602 valetudo
788 1553 895 1603 nondum
920 1554 982 1601 satis

184 1647 236 1692 erat
263 1643 417 1700 currllrmata,
446 1658 460 1691 a
485 1649 510 1692 te
536 1645 667 1707 impetrare
694 1659 742 1693 nun
763 1659 864 1707 posses,
890 1651 917 1692 ut
936 1643 984 1693 hac

183 1731 243 1783 urbe
273 1732 359 1782 relicta
385 1731 567 1797 Altenburgum
595 1733 702 1790 redires,
729 1733 780 1783 dux
802 1735 857 1798 ipse
889 1739 983 1783 aestate

183 1825 241 1873 armi
271 1822 432 1874 MDGGGLH
463 1831 487 1873 te
517 1826 641 1873 revisurus
680 1831 718 1881 et,
753 1826 775 1873 si
808 1824 861 1873 lieri
890 1831 975 1888 posset

183 1914 229 1965 tibi
253 1928 432 1979 persuasurus,
459 1921 487 1964 ut
508 1930 535 1963 sc
561 1915 707 1978 sequereris,
735 1913 838 1964 tlntham
858 1913 984 1979 profectus

183 2012 228 2055 est.
252 2005 352 2055 Itineris
378 2006 472 2054 socium
496 2004 582 2055 habuit
600 2003 701 2054 fratrem
719 2007 758 2054 sui
775 2005 979 2060 amantissimum,

182 2095 314 2161 Iosephum
333 2096 429 2146 ducem.
473 2095 553 2145 Ambo
568 2105 619 2146 tum
637 2097 774 2160 principeS,
793 2110 849 2145 cum
867 2095 909 2144 hie
929 2109 982 2144 rcr-

183 2191 302 2243 sarentur,
319 2192 461 2251 praesentes
475 2188 597 2251 praesenti
617 2186 678 2235 milri
700 2188 724 2235 in
744 2186 783 2235 his
795 2187 858 2250 ipsis
877 2183 981 2235 aedibus

182 2278 293 2327 venerari
313 2277 391 2327 licuit.
414 2276 484 2336 Quod
502 2277 557 2326 dixi
577 2278 687 2326 venerari
710 2276 772 2325 mihi
791 2275 906 2334 licuisse,
932 2291 980 2324 ncn

182 2368 254 2418 inane
274 2366 373 2418 verbum
391 2369 472 2432 posui.
509 2369 576 2416 Mira
594 2369 618 2416 in
637 2373 742 2431 utroque
762 2372 813 2417 erat
831 2381 886 2416 cum
904 2367 979 2414 couri-

184 2461 234 2508 tate
252 2459 336 2507 iuncta
353 2460 470 2522 gravitas,
491 2459 616 2521 ingenium
638 2456 726 2507 litteris
746 2455 889 2520 artibusque
909 2470 980 2520 egre-

182 2545 224 2608 gie
244 2544 372 2594 excultum
391 2549 423 2602 et,
441 2545 507 2608 quud
520 2545 599 2593 maius
614 2551 663 2603 est,
690 2549 739 2593 tam
765 2542 872 2593 fraterna
890 2545 978 2592 unani-

182 2632 264 2689 mitas,
281 2635 309 2680 ut
327 2630 409 2680 simila
426 2631 557 2694 quicquam
576 2629 637 2680 alibi
655 2632 697 2680 vix
715 2631 830 2694 reperias.
859 2627 905 2687 Qui
922 2643 978 2692 reg-

183 2731 214 2765 no
231 2721 317 2781 sponte
334 2722 450 2774 cesserat,
471 2716 572 2766 alterius
584 2716 686 2766 laudare
697 2715 807 2774 consilia,
826 2713 911 2764 efferre
921 2729 978 2764 cun·

183 2801 294 2854 siliarum
304 2809 431 2860 eventum,
449 2805 493 2868 qui
508 2816 610 2866 regnum
622 2802 726 2867 adeptus
739 2809 798 2860 erat,
817 2815 862 2866 per
872 2800 977 2850 alterum

182 2887 296 2940 effectum
314 2904 376 2948 esse,
393 2895 421 2938 ut
441 2904 479 2939 res
497 2887 559 2938 bene
580 2889 747 2954 procederent,
765 2888 828 2938 serio
847 2885 975 2936 affirmare.
