2208 3402
498 275 530 323 97

155 397 222 446 Rara
240 403 378 461 temporum
398 394 520 454 felicitas,
549 393 593 444 ubi
618 395 710 445 sentire
735 394 877 458 quaerelis
895 399 921 447 et

117 501 184 552 quae
203 489 296 538 sentias
307 477 399 536 'dicere
416 486 483 536 licet.
624 485 784 534 'inernflist
794 489 815 543 1,
825 489 847 534 1.

155 575 232 628 Omne
266 577 404 628 studiorum
428 591 507 640 genus
525 575 609 640 paullo
642 574 746 626 liberius
770 580 795 626 et
812 577 921 628 erectius

117 667 288 732 periculosum
307 669 413 718 seruitus
431 665 501 716 facit.
628 665 698 716 Pnrn.
706 666 787 730 Epist.
795 669 849 724 3‚5.

334 785 359 830 7.
373 785 557 837 Ingeniorum
570 784 705 837 dignatio.

155 879 314 942 Ingeniorum
333 878 423 927 crescit
440 875 564 939 dignatio,
581 891 627 926 nec
645 877 709 940 ipsis
728 881 824 926 tantum
841 877 922 928 honor

116 969 233 1027 habetur,
250 969 294 1019 sed
311 965 430 1031 quicquid
449 966 550 1016 illorum
568 968 698 1016 memoriae
710 965 830 1026 adhaesit,
848 969 919 1018 exci-

116 1061 192 1124 pitur.
622 1055 814 1120 Srr.Epist.il,
824 1061 846 1108 6.

153 1149 246 1200 Eorum
265 1147 402 1198 socordiam
419 1147 528 1198 inridere
545 1147 614 1206 libet,
633 1147 676 1210 qui
693 1149 818 1211 praesenti
830 1155 918 1214 poten-

116 1241 153 1290 tia
173 1237 277 1290 credunt
296 1239 411 1302 extingui
428 1252 501 1302 posse
521 1239 595 1288 etiam
614 1239 740 1301 sequentis
753 1240 807 1289 aevi
824 1254 917 1290 memo·

117 1332 188 1380 riam.
233 1329 296 1380 Nam
316 1333 401 1380 contra
420 1329 515 1393 punitis
543 1329 650 1392 ingeniis
674 1326 759 1392 gliscit
776 1331 916 1390 auctolitaa

118 1435 199 1485 neque
213 1419 282 1469 aliud
298 1433 379 1484 reges
398 1420 441 1483 qui
460 1434 489 1469 ea
509 1419 613 1470 saevitia
630 1420 670 1468 usi
687 1423 751 1478 suut,
769 1419 819 1469 nisi
840 1419 917 1472 dedo-

118 1526 163 1562 cus
182 1509 232 1561 sibi
251 1514 325 1574 atque
343 1509 396 1560 illis
409 1509 647 1574 gloriampeperere.
676 1508 834 1560 Tecrum.
841 1514 865 1569 4,
874 1514 915 1561 35.

152 1601 259 1652 Tantum
278 1602 358 1664 gratia
376 1600 503 1650 doctarum
520 1601 610 1649 artium
626 1599 699 1658 valet,
716 1604 745 1649 ut
755 1601 917 1665 scriptoribus

119 1706 149 1742 ne
168 1693 235 1742 saevi
254 1705 334 1742 mores
352 1690 454 1756 quidem
473 1689 664 1740 admemoriam
686 1688 803 1740 officiant.

507 1778 844 1833 Auarn.V1cr.deans.20.

154 1870 293 1936 Conquisiti
312 1871 466 1935 lectitatique
485 1870 543 1921 libri
561 1874 626 1929 sunt,
645 1870 721 1921 donec
737 1885 793 1920 cum
805 1871 917 1936 periculo

119 1962 283 2028 parabantur3
301 1977 359 2012 mox
379 1961 482 2012 licentia
501 1959 609 2012 habendi
629 1960 776 2012 oblivionem
794 1961 884 2012 attulit.

553 2049 812 2110 Tacrr.Aun.14,50.
905 2103 906 2106 ,

404 2171 430 2214 8.
444 2171 485 2214 Do
497 2170 629 2214 inventis.

154 2263 228 2314 Alius
246 2261 296 2312 alio
314 2261 386 2327 plura
402 2262 513 2312 invenire
530 2265 619 2324 potest,
639 2274 709 2310 nemo
721 2263 809 2312 omnia.

556 2349 842 2418 Auson.p.191ed.Bip.
868 2339 870 2343 ’

154 2441 224 2492 Nihil
242 2445 279 2492 ost
298 2441 411 2492 simulet
427 2433 553 2493 inventum
577 2444 603 2490 et
620 2439 763 2506 perfectum.

234 2523 237 2530 ’
619 2529 844 2592 merneram.

154 2622 230 2674 Nulla
247 2635 287 2672 res
306 2628 474 2674 consummata
492 2627 537 2681 est,
558 2621 617 2671 dum
633 2620 729 2686 incipit.

524 2713 579 2764 Sur.
586 2712 641 2762 uat.
648 2710 747 2771 Quaest.
756 2716 778 2772 6,
788 2717 811 2774 5,
820 2718 843 2765 3.

153 2803 315 2855 Necessitatie
331 2804 430 2855 inventa
447 2808 504 2854 sunt
521 2803 659 2868 antiquiora
681 2817 755 2866 quam
773 2804 924 2870 voluptatis:

600 2870 652 2922 Orc.
660 2869 727 2922 Orat.
737 2878 778 2933 55,
787 2878 843 2926 185.

698 2962 712 3008 7
