<?xml version="1.0" encoding="UTF-8"?>
<!DOCTYPE html PUBLIC "-//W3C//DTD XHTML 1.0 Transitional//EN"
    "http://www.w3.org/TR/xhtml1/DTD/xhtml1-transitional.dtd">
<html xmlns="http://www.w3.org/1999/xhtml" xml:lang="en" lang="en">
 <head>
  <title>
</title>
<meta http-equiv="Content-Type" content="text/html;charset=utf-8" />
  <meta name='ocr-system' content='tesseract 3.04.00' />
  <meta name='ocr-capabilities' content='ocr_page ocr_carea ocr_par ocr_line ocrx_word'/>
</head>
<body>
  <div class='ocr_page' id='page_1' title='image "./promptuariumsen00seyfgoog_0168.png"; bbox 0 0 2208 3402; ppageno 0'>
   <div class='ocr_carea' id='block_1_1' title="bbox 162 403 831 468">
    <p class='ocr_par' dir='ltr' id='par_1_1' title="bbox 162 403 831 468">
     <span class='ocr_line' id='line_1_1' title="bbox 162 403 831 468; baseline -0.004 -14"><span class='ocrx_word' id='word_1_1' title='bbox 162 404 217 454; x_wconf 83' lang='lat' dir='ltr'><strong>Non</strong></span> <span class='ocrx_word' id='word_1_2' title='bbox 231 411 269 453; x_wconf 82' lang='lat' dir='ltr'><strong>eet</strong></span> <span class='ocrx_word' id='word_1_3' title='bbox 285 405 312 453; x_wconf 93' lang='lat' dir='ltr'><strong>in</strong></span> <span class='ocrx_word' id='word_1_4' title='bbox 331 403 428 454; x_wconf 76' lang='lat' dir='ltr'><strong>medico</strong></span> <span class='ocrx_word' id='word_1_5' title='bbox 448 417 545 468; x_wconf 89' lang='lat' dir='ltr'><strong>semper</strong></span> <span class='ocrx_word' id='word_1_6' title='bbox 561 403 686 454; x_wconf 76' lang='lat' dir='ltr'><strong>relevetur</strong></span> <span class='ocrx_word' id='word_1_7' title='bbox 704 407 733 452; x_wconf 89' lang='lat' dir='ltr'><strong>nt</strong></span> <span class='ocrx_word' id='word_1_8' title='bbox 750 415 831 466; x_wconf 79' lang='lat' dir='ltr'><strong>aeger,</strong></span> 
     </span>
    </p>
   </div>
   <div class='ocr_carea' id='block_1_2' title="bbox 199 493 855 620">
    <p class='ocr_par' dir='ltr' id='par_1_2' title="bbox 199 493 855 620">
     <span class='ocr_line' id='line_1_2' title="bbox 199 493 762 560; baseline -0.004 -16"><span class='ocrx_word' id='word_1_9' title='bbox 199 493 326 544; x_wconf 73' lang='lat' dir='ltr'>Interdum</span> <span class='ocrx_word' id='word_1_10' title='bbox 344 493 418 546; x_wconf 79' lang='lat' dir='ltr'><strong>dente</strong></span> <span class='ocrx_word' id='word_1_11' title='bbox 434 495 491 560; x_wconf 87' lang='lat' dir='ltr'>plus</span> <span class='ocrx_word' id='word_1_12' title='bbox 510 494 576 544; x_wconf 81' lang='lat' dir='ltr'><strong>valet</strong></span> <span class='ocrx_word' id='word_1_13' title='bbox 593 497 646 544; x_wconf 81' lang='lat' dir='ltr'><strong>erte</strong></span> <span class='ocrx_word' id='word_1_14' title='bbox 663 493 762 544; x_wconf 84' lang='lat' dir='ltr'><strong>malum.</strong></span> 
     </span>
     <span class='ocr_line' id='line_1_3' title="bbox 456 563 855 620; baseline -0.015 -2"><span class='ocrx_word' id='word_1_15' title='bbox 456 615 458 618; x_wconf 86' lang='grc'><em>,</em></span> <span class='ocrx_word' id='word_1_16' title='bbox 557 563 805 620; x_wconf 77' lang='lat' dir='ltr'><strong>Ov1n.exPont.l‚3,</strong></span> <span class='ocrx_word' id='word_1_17' title='bbox 816 567 855 612; x_wconf 79' lang='grc'><strong>17.</strong></span> 
     </span>
    </p>
   </div>
   <div class='ocr_carea' id='block_1_3' title="bbox 131 654 927 802">
    <p class='ocr_par' dir='ltr' id='par_1_3' title="bbox 131 654 927 802">
     <span class='ocr_line' id='line_1_4' title="bbox 164 654 927 721; baseline -0.003 -15"><span class='ocrx_word' id='word_1_18' title='bbox 164 654 244 721; x_wconf 80' lang='lat' dir='ltr'><strong>Aegri</strong></span> <span class='ocrx_word' id='word_1_19' title='bbox 261 659 321 720; x_wconf 79' lang='lat' dir='ltr'><strong>quie</strong></span> <span class='ocrx_word' id='word_1_20' title='bbox 340 671 388 706; x_wconf 89' lang='lat' dir='ltr'><strong>non</strong></span> <span class='ocrx_word' id='word_1_21' title='bbox 406 671 490 706; x_wconf 83' lang='lat' dir='ltr'><strong>omnes</strong></span> <span class='ocrx_word' id='word_1_22' title='bbox 500 654 681 712; x_wconf 71' lang='lat' dir='ltr'><strong>convalescunt,</strong></span> <span class='ocrx_word' id='word_1_23' title='bbox 701 654 794 704; x_wconf 87' lang='lat' dir='ltr'><strong>ideireo</strong></span> <span class='ocrx_word' id='word_1_24' title='bbox 807 668 846 704; x_wconf 77' lang='lat' dir='ltr'><strong>ars</strong></span> <span class='ocrx_word' id='word_1_25' title='bbox 858 655 927 704; x_wconf 81' lang='lat' dir='ltr'><strong>nulle</strong></span> 
     </span>
     <span class='ocr_line' id='line_1_5' title="bbox 131 744 855 802; baseline -0.006 -5"><span class='ocrx_word' id='word_1_26' title='bbox 131 747 312 798; x_wconf 77' lang='lat' dir='ltr'><strong>medicineest.</strong></span> <span class='ocrx_word' id='word_1_27' title='bbox 522 744 573 795; x_wconf 82' lang='lat' dir='ltr'><strong>Cre.</strong></span> <span class='ocrx_word' id='word_1_28' title='bbox 582 746 669 794; x_wconf 81' lang='lat' dir='ltr'><strong>denat.</strong></span> <span class='ocrx_word' id='word_1_29' title='bbox 677 745 743 795; x_wconf 84' lang='lat' dir='ltr'><strong>deor.</strong></span> <span class='ocrx_word' id='word_1_30' title='bbox 752 747 774 802; x_wconf 80' lang='lat'><strong>2,</strong></span> <span class='ocrx_word' id='word_1_31' title='bbox 783 747 855 802; x_wconf 63' lang='lat' dir='ltr'><strong>ein.</strong></span> 
     </span>
    </p>
   </div>
   <div class='ocr_carea' id='block_1_4' title="bbox 129 833 927 984">
    <p class='ocr_par' dir='ltr' id='par_1_4' title="bbox 129 833 927 984">
     <span class='ocr_line' id='line_1_6' title="bbox 165 833 927 900; baseline -0.004 -12"><span class='ocrx_word' id='word_1_32' title='bbox 165 836 259 888; x_wconf 85' lang='lat' dir='ltr'><strong>Infelix</strong></span> <span class='ocrx_word' id='word_1_33' title='bbox 269 837 421 887; x_wconf 85' lang='lat' dir='ltr'>monumenti</span> <span class='ocrx_word' id='word_1_34' title='bbox 433 837 560 900; x_wconf 83' lang='lat' dir='ltr'>inscriptio</span> <span class='ocrx_word' id='word_1_35' title='bbox 579 833 652 886; x_wconf 82' lang='lat' dir='ltr'><strong>turbe</strong></span> <span class='ocrx_word' id='word_1_36' title='bbox 664 851 691 885; x_wconf 84' lang='lat' dir='ltr'><strong>se</strong></span> <span class='ocrx_word' id='word_1_37' title='bbox 709 836 860 886; x_wconf 77' lang='lat' dir='ltr'><strong>medicorum</strong></span> <span class='ocrx_word' id='word_1_38' title='bbox 871 850 927 900; x_wconf 89' lang='lat' dir='ltr'><strong>per-</strong></span> 
     </span>
     <span class='ocr_line' id='line_1_7' title="bbox 129 926 855 984; baseline -0.003 -6"><span class='ocrx_word' id='word_1_39' title='bbox 129 929 189 979; x_wconf 84' lang='lat' dir='ltr'><strong>isse.</strong></span> <span class='ocrx_word' id='word_1_40' title='bbox 452 972 453 976; x_wconf 74' lang='grc'>,</span> <span class='ocrx_word' id='word_1_41' title='bbox 542 927 611 975; x_wconf 76' lang='lat' dir='ltr'><strong>Pur.</strong></span> <span class='ocrx_word' id='word_1_42' title='bbox 621 927 649 976; x_wconf 86' lang='lat' dir='ltr'><strong>N.</strong></span> <span class='ocrx_word' id='word_1_43' title='bbox 658 926 689 976; x_wconf 92' lang='lat' dir='ltr'><strong>H.</strong></span> <span class='ocrx_word' id='word_1_44' title='bbox 699 929 739 984; x_wconf 76' lang='lat'><strong>29,</strong></span> <span class='ocrx_word' id='word_1_45' title='bbox 753 930 855 984; x_wconf 84' lang='lat'>1‚5,11.</span> 
     </span>
    </p>
   </div>
   <div class='ocr_carea' id='block_1_5' title="bbox 268 1052 791 1095">
    <p class='ocr_par' dir='ltr' id='par_1_5' title="bbox 268 1052 791 1095">
     <span class='ocr_line' id='line_1_8' title="bbox 268 1052 791 1095; baseline -0.004 -7"><span class='ocrx_word' id='word_1_46' title='bbox 268 1053 303 1088; x_wconf 77' lang='lat' dir='ltr'><strong>Do</strong></span> <span class='ocrx_word' id='word_1_47' title='bbox 315 1053 373 1088; x_wconf 76' lang='lat' dir='ltr'><strong>ium</strong></span> <span class='ocrx_word' id='word_1_48' title='bbox 385 1052 517 1095; x_wconf 61' lang='lat' dir='ltr'><strong>prudentie</strong></span> <span class='ocrx_word' id='word_1_49' title='bbox 542 1053 577 1087; x_wconf 76' lang='lat' dir='ltr'><strong>De</strong></span> <span class='ocrx_word' id='word_1_50' title='bbox 595 1052 653 1086; x_wconf 74' lang='lat' dir='ltr'>iuris</span> <span class='ocrx_word' id='word_1_51' title='bbox 672 1053 791 1087; x_wconf 67' lang='lat' dir='ltr'><strong>munitis.</strong></span> 
     </span>
    </p>
   </div>
   <div class='ocr_carea' id='block_1_6' title="bbox 134 1137 932 1739">
    <p class='ocr_par' dir='ltr' id='par_1_6' title="bbox 134 1137 930 1286">
     <span class='ocr_line' id='line_1_9' title="bbox 168 1137 930 1202; baseline -0.001 -15"><span class='ocrx_word' id='word_1_52' title='bbox 168 1137 233 1188; x_wconf 84' lang='lat' dir='ltr'>Iuris</span> <span class='ocrx_word' id='word_1_53' title='bbox 253 1137 334 1188; x_wconf 79' lang='lat' dir='ltr'>civilis</span> <span class='ocrx_word' id='word_1_54' title='bbox 358 1137 465 1200; x_wconf 72' lang='lat' dir='ltr'>cognitio</span> <span class='ocrx_word' id='word_1_55' title='bbox 491 1139 565 1201; x_wconf 86' lang='lat' dir='ltr'><strong>atque</strong></span> <span class='ocrx_word' id='word_1_56' title='bbox 590 1137 759 1202; x_wconf 70' lang='lat' dir='ltr'><strong>interpretatio</strong></span> <span class='ocrx_word' id='word_1_57' title='bbox 782 1149 881 1202; x_wconf 80' lang='lat' dir='ltr'><strong>semper</strong></span> <span class='ocrx_word' id='word_1_58' title='bbox 903 1138 930 1186; x_wconf 92' lang='lat' dir='ltr'><strong>in</strong></span> 
     </span>
     <span class='ocr_line' id='line_1_10' title="bbox 134 1225 858 1286; baseline 0 -8"><span class='ocrx_word' id='word_1_59' title='bbox 134 1243 229 1278; x_wconf 85' lang='lat' dir='ltr'><strong>summo</strong></span> <span class='ocrx_word' id='word_1_60' title='bbox 247 1227 340 1277; x_wconf 86' lang='lat' dir='ltr'><strong>honore</strong></span> <span class='ocrx_word' id='word_1_61' title='bbox 356 1225 412 1276; x_wconf 89' lang='lat' dir='ltr'>fuit.</span> <span class='ocrx_word' id='word_1_62' title='bbox 591 1225 643 1278; x_wconf 78' lang='lat' dir='ltr'><strong>Gne.</strong></span> <span class='ocrx_word' id='word_1_63' title='bbox 652 1227 683 1277; x_wconf 89' lang='lat' dir='ltr'><strong>de</strong></span> <span class='ocrx_word' id='word_1_64' title='bbox 690 1225 729 1276; x_wconf 87' lang='lat' dir='ltr'><strong>eff.</strong></span> <span class='ocrx_word' id='word_1_65' title='bbox 738 1230 810 1286; x_wconf 77' lang='grc'>2,]9,</span> <span class='ocrx_word' id='word_1_66' title='bbox 818 1231 858 1278; x_wconf 86' lang='grc'><strong>65.</strong></span> 
     </span>
    </p>

    <p class='ocr_par' dir='ltr' id='par_1_7' title="bbox 135 1317 931 1564">
     <span class='ocr_line' id='line_1_11' title="bbox 167 1317 930 1381; baseline 0 -13"><span class='ocrx_word' id='word_1_67' title='bbox 167 1319 232 1368; x_wconf 87' lang='lat' dir='ltr'>Iuris</span> <span class='ocrx_word' id='word_1_68' title='bbox 250 1317 376 1368; x_wconf 83' lang='lat' dir='ltr'>consultus</span> <span class='ocrx_word' id='word_1_69' title='bbox 394 1321 432 1367; x_wconf 86' lang='lat' dir='ltr'><strong>est</strong></span> <span class='ocrx_word' id='word_1_70' title='bbox 448 1318 498 1381; x_wconf 82' lang='lat' dir='ltr'>qui.</span> <span class='ocrx_word' id='word_1_71' title='bbox 510 1317 593 1380; x_wconf 77' lang='lat' dir='ltr'><strong>leg&#39;nm</strong></span> <span class='ocrx_word' id='word_1_72' title='bbox 617 1321 642 1368; x_wconf 91' lang='lat' dir='ltr'><strong>et</strong></span> <span class='ocrx_word' id='word_1_73' title='bbox 665 1318 850 1369; x_wconf 84' lang='lat' dir='ltr'><strong>eonsuetudinis</strong></span> <span class='ocrx_word' id='word_1_74' title='bbox 868 1319 930 1377; x_wconf 78' lang='lat' dir='ltr'><strong>eine,</strong></span> 
     </span>
     <span class='ocr_line' id='line_1_12' title="bbox 136 1408 931 1474; baseline -0.001 -15"><span class='ocrx_word' id='word_1_75' title='bbox 136 1423 185 1473; x_wconf 81' lang='lat' dir='ltr'><strong>que</strong></span> <span class='ocrx_word' id='word_1_76' title='bbox 202 1409 293 1474; x_wconf 79' lang='lat' dir='ltr'><strong>privati</strong></span> <span class='ocrx_word' id='word_1_77' title='bbox 310 1415 421 1466; x_wconf 84' lang='lat' dir='ltr'>utuntur,</span> <span class='ocrx_word' id='word_1_78' title='bbox 441 1413 465 1458; x_wconf 91' lang='lat' dir='ltr'><strong>et</strong></span> <span class='ocrx_word' id='word_1_79' title='bbox 484 1409 515 1458; x_wconf 85' lang='lat' dir='ltr'><strong>ad</strong></span> <span class='ocrx_word' id='word_1_80' title='bbox 533 1408 731 1472; x_wconf 86' lang='lat' dir='ltr'><strong>respondendum</strong></span> <span class='ocrx_word' id='word_1_81' title='bbox 758 1409 832 1459; x_wconf 84' lang='lat' dir='ltr'><strong>etad</strong></span> <span class='ocrx_word' id='word_1_82' title='bbox 856 1423 931 1474; x_wconf 81' lang='lat' dir='ltr'><strong>agen-</strong></span> 
     </span>
     <span class='ocr_line' id='line_1_13' title="bbox 135 1497 930 1564; baseline 0 -15"><span class='ocrx_word' id='word_1_83' title='bbox 135 1500 195 1549; x_wconf 89' lang='lat' dir='ltr'><strong>dum</strong></span> <span class='ocrx_word' id='word_1_84' title='bbox 212 1505 236 1550; x_wconf 89' lang='lat' dir='ltr'><strong>et</strong></span> <span class='ocrx_word' id='word_1_85' title='bbox 254 1499 287 1549; x_wconf 86' lang='lat' dir='ltr'><strong>ed</strong></span> <span class='ocrx_word' id='word_1_86' title='bbox 305 1498 441 1550; x_wconf 78' lang='lat' dir='ltr'><strong>cavendum</strong></span> <span class='ocrx_word' id='word_1_87' title='bbox 459 1501 553 1564; x_wconf 88' lang='lat' dir='ltr'><strong>peritus</strong></span> <span class='ocrx_word' id='word_1_88' title='bbox 572 1503 616 1548; x_wconf 88' lang='lat' dir='ltr'><strong>est.</strong></span> <span class='ocrx_word' id='word_1_89' title='bbox 647 1497 739 1549; x_wconf 75' lang='lat' dir='ltr'><strong>Crede</strong></span> <span class='ocrx_word' id='word_1_90' title='bbox 749 1513 782 1548; x_wconf 88' lang='lat' dir='ltr'><strong>or.</strong></span> <span class='ocrx_word' id='word_1_91' title='bbox 792 1501 930 1558; x_wconf 78' lang='lat'><strong>1‚48‚212.</strong></span> 
     </span>
    </p>

    <p class='ocr_par' dir='ltr' id='par_1_8' title="bbox 135 1589 932 1739">
     <span class='ocr_line' id='line_1_14' title="bbox 170 1589 932 1641; baseline -0.001 0"><span class='ocrx_word' id='word_1_92' title='bbox 170 1591 217 1641; x_wconf 84' lang='lat' dir='ltr'><strong>Est</strong></span> <span class='ocrx_word' id='word_1_93' title='bbox 236 1591 290 1641; x_wconf 89' lang='lat' dir='ltr'><strong>sine</strong></span> <span class='ocrx_word' id='word_1_94' title='bbox 308 1589 384 1639; x_wconf 89' lang='lat' dir='ltr'>dubio</span> <span class='ocrx_word' id='word_1_95' title='bbox 402 1589 490 1639; x_wconf 83' lang='lat' dir='ltr'>domus</span> <span class='ocrx_word' id='word_1_96' title='bbox 507 1589 678 1639; x_wconf 80' lang='lat' dir='ltr'>iurisconsulti</span> <span class='ocrx_word' id='word_1_97' title='bbox 701 1592 777 1640; x_wconf 87' lang='lat' dir='ltr'>totius</span> <span class='ocrx_word' id='word_1_98' title='bbox 803 1590 932 1640; x_wconf 79' lang='lat' dir='ltr'><strong>oraculum</strong></span> 
     </span>
     <span class='ocr_line' id='line_1_15' title="bbox 135 1679 862 1739; baseline -0.006 -6"><span class='ocrx_word' id='word_1_99' title='bbox 135 1683 251 1734; x_wconf 79' lang='lat' dir='ltr'>civitatis.</span> <span class='ocrx_word' id='word_1_100' title='bbox 558 1679 862 1739; x_wconf 78' lang='lat' dir='ltr'><strong>Gre.de0rat.1‚45,202.</strong></span> 
     </span>
    </p>
   </div>
   <div class='ocr_carea' id='block_1_7' title="bbox 224 1813 846 1945">
    <p class='ocr_par' dir='ltr' id='par_1_9' title="bbox 224 1813 846 1945">
     <span class='ocr_line' id='line_1_16' title="bbox 505 1813 568 1856; baseline 0 0"><span class='ocrx_word' id='word_1_101' title='bbox 505 1813 568 1856; x_wconf 88' lang='lat' dir='ltr'>v11.</span> 
     </span>
     <span class='ocr_line' id='line_1_17' title="bbox 224 1898 846 1945; baseline -0.008 0"><span class='ocrx_word' id='word_1_102' title='bbox 224 1903 275 1945; x_wconf 77' lang='lat' dir='ltr'><strong>DE</strong></span> <span class='ocrx_word' id='word_1_103' title='bbox 289 1899 502 1944; x_wconf 79' lang='lat' dir='ltr'>ANIMORUM</span> <span class='ocrx_word' id='word_1_104' title='bbox 514 1898 846 1944; x_wconf 63' lang='lat' dir='ltr'><strong>monument.</strong></span> 
     </span>
    </p>
   </div>
   <div class='ocr_carea' id='block_1_8' title="bbox 99 1971 938 2226">
    <p class='ocr_par' dir='ltr' id='par_1_10' title="bbox 99 1971 938 2226">
     <span class='ocr_line' id='line_1_18' title="bbox 172 1971 935 2045; baseline -0.008 -1"><span class='ocrx_word' id='word_1_105' title='bbox 172 1994 323 2045; x_wconf 79' lang='lat' dir='ltr'><strong>Permanere</strong></span> <span class='ocrx_word' id='word_1_106' title='bbox 340 1971 435 2042; x_wconf 77' lang='lat' dir='ltr'><strong>enimes</strong></span> <span class='ocrx_word' id='word_1_107' title='bbox 451 1990 599 2040; x_wconf 80' lang='lat' dir='ltr'><strong>arbitremur</strong></span> <span class='ocrx_word' id='word_1_108' title='bbox 616 2005 737 2040; x_wconf 78' lang='lat' dir='ltr'><strong>consensu</strong></span> <span class='ocrx_word' id='word_1_109' title='bbox 748 1991 874 2040; x_wconf 80' lang='lat' dir='ltr'>nationum</span> <span class='ocrx_word' id='word_1_110' title='bbox 884 2003 935 2038; x_wconf 87' lang='lat' dir='ltr'><strong>om-</strong></span> 
     </span>
     <span class='ocr_line' id='line_1_19' title="bbox 138 2078 865 2138; baseline -0.01 -3"><span class='ocrx_word' id='word_1_111' title='bbox 138 2087 215 2135; x_wconf 85' lang='lat' dir='ltr'>nium.</span> <span class='ocrx_word' id='word_1_112' title='bbox 597 2078 865 2138; x_wconf 73' lang='lat' dir='ltr'><strong>O1c.it1se.1,16‚36.</strong></span> 
     </span>
     <span class='ocr_line' id='line_1_20' title="bbox 99 2169 938 2226; baseline -0.007 0"><span class='ocrx_word' id='word_1_113' title='bbox 99 2219 102 2226; x_wconf 89' lang='lat'><em>.</em></span> <span class='ocrx_word' id='word_1_114' title='bbox 173 2175 241 2225; x_wconf 91' lang='lat' dir='ltr'>Mihi</span> <span class='ocrx_word' id='word_1_115' title='bbox 260 2178 372 2224; x_wconf 75' lang='lat' dir='ltr'><strong>naturam</strong></span> <span class='ocrx_word' id='word_1_116' title='bbox 391 2173 467 2222; x_wconf 79' lang='lat' dir='ltr'>enimi</span> <span class='ocrx_word' id='word_1_117' title='bbox 484 2173 591 2221; x_wconf 88' lang='lat' dir='ltr'>intuenti</span> <span class='ocrx_word' id='word_1_118' title='bbox 602 2170 680 2220; x_wconf 80' lang='lat' dir='ltr'><strong>multe</strong></span> <span class='ocrx_word' id='word_1_119' title='bbox 695 2169 822 2220; x_wconf 82' lang='lat' dir='ltr'><strong>diffieilior</strong></span> <span class='ocrx_word' id='word_1_120' title='bbox 830 2170 938 2220; x_wconf 79' lang='lat' dir='ltr'><strong>occurrit</strong></span> 
     </span>
    </p>
   </div>
   <div class='ocr_carea' id='block_1_9' title="bbox 140 2261 939 2420">
    <p class='ocr_par' dir='ltr' id='par_1_11' title="bbox 140 2261 939 2420">
     <span class='ocr_line' id='line_1_21' title="bbox 140 2261 937 2330; baseline -0.009 -12"><span class='ocrx_word' id='word_1_121' title='bbox 140 2266 256 2330; x_wconf 75' lang='lat' dir='ltr'>cegitatio</span> <span class='ocrx_word' id='word_1_122' title='bbox 272 2263 399 2327; x_wconf 84' lang='lat' dir='ltr'><strong>multoque</strong></span> <span class='ocrx_word' id='word_1_123' title='bbox 417 2261 551 2320; x_wconf 80' lang='lat' dir='ltr'><strong>obscurior,</strong></span> <span class='ocrx_word' id='word_1_124' title='bbox 572 2261 653 2326; x_wconf 82' lang='lat' dir='ltr'>qnniis</span> <span class='ocrx_word' id='word_1_125' title='bbox 671 2261 768 2310; x_wconf 82' lang='lat' dir='ltr'>animus</span> <span class='ocrx_word' id='word_1_126' title='bbox 792 2262 819 2310; x_wconf 91' lang='lat' dir='ltr'><strong>in</strong></span> <span class='ocrx_word' id='word_1_127' title='bbox 837 2273 937 2325; x_wconf 84' lang='lat' dir='ltr'><strong>enrpere</strong></span> 
     </span>
     <span class='ocr_line' id='line_1_22' title="bbox 140 2351 939 2420; baseline -0.009 -13"><span class='ocrx_word' id='word_1_128' title='bbox 140 2357 173 2407; x_wconf 85' lang='lat' dir='ltr'><strong>sit</strong></span> <span class='ocrx_word' id='word_1_129' title='bbox 190 2360 316 2420; x_wconf 74' lang='lat' dir='ltr'><strong>tamquam</strong></span> <span class='ocrx_word' id='word_1_130' title='bbox 334 2352 430 2404; x_wconf 74' lang='lat' dir='ltr'><strong>alienae</strong></span> <span class='ocrx_word' id='word_1_131' title='bbox 447 2352 546 2410; x_wconf 87' lang='lat' dir='ltr'>domni,</span> <span class='ocrx_word' id='word_1_132' title='bbox 568 2366 642 2416; x_wconf 81' lang='lat' dir='ltr'><strong>quam</strong></span> <span class='ocrx_word' id='word_1_133' title='bbox 667 2351 749 2416; x_wconf 79' lang='lat' dir='ltr'>qualis</span> <span class='ocrx_word' id='word_1_134' title='bbox 767 2366 824 2401; x_wconf 83' lang='lat' dir='ltr'><strong>eum</strong></span> <span class='ocrx_word' id='word_1_135' title='bbox 848 2351 939 2402; x_wconf 84' lang='lat' dir='ltr'><strong>exierit</strong></span> 
     </span>
    </p>
   </div>
   <div class='ocr_carea' id='block_1_10' title="bbox 141 2441 901 2569">
    <p class='ocr_par' dir='ltr' id='par_1_12' title="bbox 141 2441 901 2569">
     <span class='ocr_line' id='line_1_23' title="bbox 141 2441 867 2508; baseline -0.01 -11"><span class='ocrx_word' id='word_1_136' title='bbox 141 2452 166 2498; x_wconf 91' lang='lat' dir='ltr'><strong>et</strong></span> <span class='ocrx_word' id='word_1_137' title='bbox 183 2447 210 2496; x_wconf 92' lang='lat' dir='ltr'><strong>in</strong></span> <span class='ocrx_word' id='word_1_138' title='bbox 227 2444 333 2496; x_wconf 81' lang='lat' dir='ltr'><strong>liberum</strong></span> <span class='ocrx_word' id='word_1_139' title='bbox 352 2443 448 2494; x_wconf 85' lang='lat' dir='ltr'><strong>eaelum</strong></span> <span class='ocrx_word' id='word_1_140' title='bbox 468 2443 540 2508; x_wconf 80' lang='lat' dir='ltr'>qnasi</span> <span class='ocrx_word' id='word_1_141' title='bbox 558 2441 658 2492; x_wconf 87' lang='lat' dir='ltr'><strong>domum</strong></span> <span class='ocrx_word' id='word_1_142' title='bbox 676 2456 746 2492; x_wconf 79' lang='lat' dir='ltr'><strong>suern</strong></span> <span class='ocrx_word' id='word_1_143' title='bbox 767 2443 867 2493; x_wconf 85' lang='lat' dir='ltr'><strong>venerit.</strong></span> 
     </span>
     <span class='ocr_line' id='line_1_24' title="bbox 630 2510 901 2569; baseline -0.015 -7"><span class='ocrx_word' id='word_1_144' title='bbox 630 2510 683 2562; x_wconf 79' lang='lat'><em>010.</em></span> <span class='ocrx_word' id='word_1_145' title='bbox 697 2511 770 2562; x_wconf 76' lang='lat' dir='ltr'>nuso.</span> <span class='ocrx_word' id='word_1_146' title='bbox 781 2515 802 2569; x_wconf 87' lang='lat'><strong>1,</strong></span> <span class='ocrx_word' id='word_1_147' title='bbox 811 2513 901 2569; x_wconf 62' lang='lat'>2251.</span> 
     </span>
    </p>
   </div>
   <div class='ocr_carea' id='block_1_11' title="bbox 140 2598 941 2932">
    <p class='ocr_par' dir='ltr' id='par_1_13' title="bbox 140 2598 941 2932">
     <span class='ocr_line' id='line_1_25' title="bbox 176 2598 939 2668; baseline -0.012 -10"><span class='ocrx_word' id='word_1_148' title='bbox 176 2607 257 2658; x_wconf 86' lang='lat' dir='ltr'>Sentit</span> <span class='ocrx_word' id='word_1_149' title='bbox 280 2606 378 2656; x_wconf 78' lang='lat' dir='ltr'><strong>enimus</strong></span> <span class='ocrx_word' id='word_1_150' title='bbox 403 2619 430 2654; x_wconf 86' lang='lat' dir='ltr'><strong>se</strong></span> <span class='ocrx_word' id='word_1_151' title='bbox 448 2605 553 2662; x_wconf 81' lang='lat' dir='ltr'><strong>moveri3</strong></span> <span class='ocrx_word' id='word_1_152' title='bbox 588 2602 654 2668; x_wconf 87' lang='lat' dir='ltr'>quod</span> <span class='ocrx_word' id='word_1_153' title='bbox 678 2617 734 2652; x_wconf 84' lang='lat' dir='ltr'><strong>eum</strong></span> <span class='ocrx_word' id='word_1_154' title='bbox 756 2602 844 2658; x_wconf 86' lang='lat' dir='ltr'>sentit,</span> <span class='ocrx_word' id='word_1_155' title='bbox 874 2598 939 2650; x_wconf 88' lang='lat' dir='ltr'>illud</span> 
     </span>
     <span class='ocr_line' id='line_1_26' title="bbox 140 2689 940 2755; baseline -0.013 -5"><span class='ocrx_word' id='word_1_156' title='bbox 140 2714 191 2750; x_wconf 82' lang='lat' dir='ltr'><strong>une</strong></span> <span class='ocrx_word' id='word_1_157' title='bbox 208 2699 291 2755; x_wconf 83' lang='lat' dir='ltr'><strong>sentit,</strong></span> <span class='ocrx_word' id='word_1_158' title='bbox 310 2711 337 2747; x_wconf 87' lang='lat' dir='ltr'><strong>se</strong></span> <span class='ocrx_word' id='word_1_159' title='bbox 352 2695 376 2746; x_wconf 86' lang='lat' dir='ltr'><strong>vi</strong></span> <span class='ocrx_word' id='word_1_160' title='bbox 394 2709 455 2753; x_wconf 83' lang='lat' dir='ltr'><strong>sne,</strong></span> <span class='ocrx_word' id='word_1_161' title='bbox 475 2710 524 2745; x_wconf 87' lang='lat' dir='ltr'><strong>non</strong></span> <span class='ocrx_word' id='word_1_162' title='bbox 542 2692 623 2744; x_wconf 78' lang='lat' dir='ltr'><strong>aliene</strong></span> <span class='ocrx_word' id='word_1_163' title='bbox 638 2694 744 2750; x_wconf 78' lang='lat' dir='ltr'><strong>moveri,</strong></span> <span class='ocrx_word' id='word_1_164' title='bbox 765 2706 811 2742; x_wconf 87' lang='lat' dir='ltr'><strong>nee</strong></span> <span class='ocrx_word' id='word_1_165' title='bbox 827 2689 940 2741; x_wconf 78' lang='lat' dir='ltr'><strong>accidere</strong></span> 
     </span>
     <span class='ocr_line' id='line_1_27' title="bbox 140 2780 941 2856; baseline -0.011 -15"><span class='ocrx_word' id='word_1_166' title='bbox 140 2805 220 2856; x_wconf 80' lang='lat' dir='ltr'><strong>posse,</strong></span> <span class='ocrx_word' id='word_1_167' title='bbox 241 2789 342 2853; x_wconf 80' lang='lat' dir='ltr'><strong>etipse</strong></span> <span class='ocrx_word' id='word_1_168' title='bbox 360 2800 420 2836; x_wconf 79' lang='lat' dir='ltr'><strong>aee</strong></span> <span class='ocrx_word' id='word_1_169' title='bbox 437 2799 555 2849; x_wconf 79' lang='lat' dir='ltr'><strong>umquem</strong></span> <span class='ocrx_word' id='word_1_170' title='bbox 572 2784 713 2842; x_wconf 78' lang='lat' dir='ltr'><strong>deseretur,</strong></span> <span class='ocrx_word' id='word_1_171' title='bbox 745 2797 841 2846; x_wconf 84' lang='lat' dir='ltr'><strong>exque</strong></span> <span class='ocrx_word' id='word_1_172' title='bbox 861 2780 941 2832; x_wconf 82' lang='lat' dir='ltr'><strong>efflei-</strong></span> 
     </span>
     <span class='ocr_line' id='line_1_28' title="bbox 142 2872 868 2932; baseline -0.014 0"><span class='ocrx_word' id='word_1_173' title='bbox 142 2882 207 2932; x_wconf 83' lang='lat' dir='ltr'><strong>eitnr</strong></span> <span class='ocrx_word' id='word_1_174' title='bbox 224 2879 365 2930; x_wconf 74' lang='lat' dir='ltr'><strong>aeternitas.</strong></span> <span class='ocrx_word' id='word_1_175' title='bbox 656 2872 868 2932; x_wconf 73' lang='lat' dir='ltr'>Ja.ib.1‚23‚55.</span> 
     </span>
    </p>
   </div>
   <div class='ocr_carea' id='block_1_12' title="bbox 0 0 1123 3402">
    <p class='ocr_par' dir='ltr' id='par_1_14' title="bbox 0 0 1123 3402">
     <span class='ocr_line' id='line_1_29' title="bbox 0 0 1123 3402; baseline 0 0"><span class='ocrx_word' id='word_1_176' title='bbox 0 0 1123 3402; x_wconf 95' lang='lat' dir='ltr'><strong> </strong></span> 
     </span>
    </p>
   </div>
  </div>
 </body>
</html>
