2174 3400
550 279 599 330 206

563 403 593 452 V.

177 493 215 544 Dc
235 495 299 545 vitae
320 493 446 545 brevitate.
465 495 501 544 De
520 495 636 558 temporis
655 493 806 557 parsimonia
852 530 858 542 .
897 530 905 541 .

212 587 233 634 1.
244 583 281 634 De
299 586 415 649 temporis
433 585 568 635 velocitate.
580 613 613 619 -
631 585 645 631 2
672 583 780 648 Tempus
793 585 908 647 praeter·

193 653 256 704 itum
274 669 405 718 numquam
429 655 611 704 revertitur-
639 655 662 702 8.
677 653 796 718 Tempore
829 656 907 702 uten-

196 723 262 774 dum.
299 725 418 773 Matutini
445 725 561 788 temporis
588 737 656 772 usus.
693 721 730 772 De
756 720 857 786 vigiliis.
872 749 908 757 —

195 797 218 843 4.
230 793 290 844 Vita
307 793 390 844 brevis
408 799 445 843 est
464 801 488 843 et
508 795 612 843 incerta.
624 821 657 828 —
677 795 700 840 5.
714 791 751 840 De
768 796 836 842 recto
863 793 901 842 ri·

193 867 233 912 tae
250 877 307 912 usu.

550 931 594 982 VI.

177 1022 214 1072 De
235 1023 349 1072 universa
371 1023 429 1072 vita.
457 1021 493 1072 De
520 1021 681 1071 humanarum
708 1035 792 1071 rerum
818 1019 903 1070 condi·

229 1113 305 1162 cione.
325 1111 361 1162 De
376 1111 476 1162 fortuna
494 1116 519 1162 et
536 1111 595 1162 fato.
620 1112 656 1162 De
675 1111 749 1162 rebus
774 1109 898 1161 secundis.

229 1202 266 1254 De
282 1201 357 1252 rebus
375 1201 486 1254 adversis
513 1239 901 1253 ..........

215 1293 236 1339 1.
248 1289 284 1339 De
302 1290 417 1339 universa
434 1291 491 1340 vita.
506 1318 538 1326 -
559 1293 581 1339 2.
595 1287 683 1338 (lrnnia
700 1289 807 1338 humana
821 1287 900 1351 fragi-

195 1360 230 1410 lia
240 1363 264 1409 et
280 1358 379 1408 caduca.
394 1389 426 1394 —
448 1363 470 1409 3.
483 1359 520 1409 Dc
531 1373 614 1409 rerum
629 1358 800 1410 vicissitudine
811 1361 835 1408 et
846 1373 900 1407 mu-

197 1431 297 1480 tatione.
311 1457 343 1463 —
369 1432 391 1478 4.
407 1429 443 1478 De
469 1427 528 1478 fato.
546 1458 579 1464 -
604 1433 626 1479 5.
637 1428 675 1478 De
697 1429 850 1479 necessitate.
868 1457 902 1464 -

199 1499 271 1550 ene
289 1497 440 1548 fortuna-
463 1499 570 1548 Fortuna
593 1513 666 1562 quam
689 1499 738 1548 rim
762 1497 851 1548 habeat
876 1499 903 1547 in

196 1567 269 1618 rebus
288 1567 409 1618 humanis.
430 1568 537 1618 Fortuna
553 1567 630 1618 fortes
648 1569 724 1618 iuvat.
752 1566 816 1618 Suae
834 1569 902 1631 quis·

196 1653 244 1702 que
261 1635 376 1688 fortunae
394 1636 470 1687 faber.
489 1637 597 1687 Fortuna
614 1653 687 1687 caeca
696 1644 734 1687 est
744 1642 769 1687 et
787 1639 903 1687 occaecat

198 1707 316 1757 homines.
332 1707 441 1756 Fortuna
463 1707 614 1757 inmoderata
639 1711 684 1757 est.
707 1706 817 1756 Fortuna
841 1707 903 1758 levis

198 1781 243 1828 est.
264 1777 370 1826 Fortuna
388 1778 457 1827 varia
474 1783 511 1827 est
531 1781 556 1826 et
574 1778 722 1828 inconstans.
742 1776 850 1826 Fortuna
858 1791 901 1827 uc-

198 1848 260 1897 mini
276 1848 411 1910 quicquam
429 1852 546 1910 praestat.
564 1845 631 1905 Quae
647 1843 748 1896 fortuna
765 1847 901 1910 possiteri-

196 1931 264 1982 pere,
281 1931 344 1979 quae
361 1932 416 1966 non.
428 1945 461 1952 -·
482 1920 504 1966 t.
517 1917 554 1965 De
570 1915 697 1966 felicitate.
715 1915 752 1966 De
769 1914 843 1966 rebus
862 1931 902 1966 se-

198 1985 294 2036 cundis.
306 2015 339 2022 --
350 1987 426 2036 Nemo
435 1986 575 2036 mortalium
587 1985 657 2035 felix.
675 1985 772 2036 Incerta
784 1984 900 2036 felicitas.

197 2057 326 2106 Maximae
344 2054 456 2106 fortunae
468 2057 569 2105 minime
580 2054 737 2106 credendum.
756 2055 852 2105 Nimiae
863 2053 901 2105 fe·

198 2125 301 2175 licitatis
319 2140 383 2189 quae
400 2125 561 2175 incommoda.
580 2125 630 2174 Res
648 2124 772 2175 secundae
781 2124 901 2188 quomodo

200 2195 315 2244 adiiciant
322 2198 415 2244 animos
424 2195 558 2245 hominum.
567 2194 689 2259 Prospera
695 2193 794 2244 fortuna
801 2194 902 2257 dignum

201 2280 256 2315 esse
268 2265 346 2315 decet.
367 2265 417 2314 Res
430 2265 612 2329 secundaeque
631 2265 711 2313 animo
728 2262 851 2314 ferendae.
867 2291 901 2298 —

200 2337 224 2384 8.
233 2335 270 2383 De
279 2332 353 2384 rebus
371 2335 487 2384 adversis.
508 2333 636 2384 Damalis.
649 2362 681 2370 -
692 2332 759 2393 Quae
769 2332 834 2382 mala
848 2347 900 2382 mo·

202 2401 449 2454 laetissimeferenda.
455 2404 663 2468 Miserrimusqui
669 2401 777 2454 exbeato
783 2403 858 2452 miser
864 2400 901 2452 fa-

201 2478 256 2523 ctus
269 2479 314 2523 est.
328 2474 418 2523 Miseri
434 2478 491 2524 sunt
507 2474 679 2538 superstitiosi.
693 2471 790 2522 Malum
801 2471 896 2521 nullum

201 2544 255 2592 sine
268 2541 427 2606 aliquobono.
441 2544 495 2594 Non
509 2541 607 2607 singula
613 2542 809 2605 malaingrnuut
816 2543 901 2592 Malo-

200 2627 255 2662 rum
274 2626 359 2662 sensus
370 2614 495 2664 accrescit.
513 2611 667 2663 calamitatis
680 2611 800 2661 solacium
812 2617 902 2663 sortem

201 2697 270 2732 suam
289 2697 368 2732 nosse.
384 2683 503 2734 Miserias
520 2682 639 2733 solacium
657 2697 688 2732 ex
706 2679 810 2731 aliorum
827 2683 902 2733 mise·

201 2753 245 2802 ria.
264 2753 386 2803 Miserum
402 2752 526 2803 interdum
543 2755 644 2803 miseria
659 2753 733 2802 iuvat.
754 2751 804 2802 Res
815 2752 902 2803 adrer-

201 2837 243 2872 sae
271 2821 392 2886 quomodo
419 2821 542 2873 ferendae.
564 2822 758 2873 Praeteritorum
780 2821 900 2872 malorum

200 2891 308 2940 iucunda
326 2891 468 2941 recordatio.

938 349 991 397 Peg.

952 482 1071 543 ant

943 1206 980 1253 80
