2212 3406
510 306 542 340 XV

122 392 235 456 pletarit.
255 392 356 442 illorum
377 399 459 442 autem
477 394 701 452 instrumentorum,
720 395 811 460 quibus
829 397 925 448 litterae

122 483 190 547 apud
209 498 253 532 nos
272 485 400 542 iuvantur,
424 489 493 534 tante
514 489 553 534 est
575 486 646 549 eopia
669 491 744 550 atque
769 487 924 548 excellentia,

120 577 150 622 ut
170 574 211 623 vix
229 573 279 622 alia
295 573 439 624 Germaniae
463 573 529 632 urbe,
549 589 614 638 quae
632 575 727 626 ambitu
752 591 797 627 sno
815 583 924 628 nostram

122 671 220 727 aequet,
240 678 295 714 enm
315 679 344 714 ea
362 665 441 728 possit
460 667 486 714 in
505 668 710 730 <temperationem
732 669 823 718 venire.

158 753 200 803 Sio
219 754 356 806 studiorum
381 763 518 804 nostrornm
536 757 612 814 ratio,
644 772 699 806 enm
726 757 792 808 haud
815 763 923 808 contem-

121 844 203 894 nenda
226 844 372 896 haberemus
399 846 553 904 adiumenta,
578 846 664 911 pulcre
681 850 852 912 processisset,
872 850 922 899 nisi

120 949 167 1000 per
185 935 313 994 bellorum,
333 951 396 1000 quae
421 943 477 1001 post
497 952 588 986 annum
612 943 710 988 sextum
736 938 811 990 huius
827 939 921 990 saeculi

120 1027 269 1080 saevierunt,
289 1027 441 1077 calamitates
457 1027 541 1092 aliqua
556 1029 754 1093 interpellatione
773 1035 856 1080 essent
874 1031 921 1079 im·

120 1115 213 1180 pedite.
266 1118 327 1166 Nam
353 1133 382 1167 ea
405 1119 454 1168 iam
478 1119 591 1168 insecuta
615 1125 672 1168 sunt
690 1125 807 1184 tempora,
830 1119 921 1184 quibus

120 1201 252 1251 Germania
271 1203 343 1252 bellis
362 1205 484 1254 continuis
497 1211 641 1264 vastaretur,
659 1207 815 1270 maximaque
828 1206 919 1271 inpin-

120 1293 196 1342 rimas
217 1295 329 1344 civitates
350 1309 394 1358 per
418 1301 576 1360 tyrannorum
601 1295 696 1354 edicta,
720 1311 764 1360 per
783 1296 843 1346 belii
859 1296 919 1346 dun-

119 1388 199 1432 tornm
224 1385 365 1442 avaritiam,
388 1399 433 1449 per
455 1385 563 1435 militnm
586 1385 703 1436 libidines
731 1388 920 1452 importarentur

120 1473 192 1523 mala.
229 1473 268 1523 Ac
285 1475 344 1524 lieet
362 1489 406 1540 per
424 1475 533 1539 Augusti
550 1475 629 1535 dubis,
646 1491 718 1540 quem
736 1477 855 1528 divinitus
867 1483 919 1527 tnm

119 1566 255 1628 prinoipem
285 1565 403 1614 dathanis
432 1565 517 1616 datum
549 1582 605 1617 esse
633 1565 703 1616 nobis
733 1567 918 1633 persuademus,

119 1654 269 1718 prudentem
289 1655 479 1706 moderationem
503 1658 628 1722 animique
652 1659 800 1722 aequitatem
819 1663 843 1708 et
861 1672 918 1708 oon·

118 1746 235 1794 stantiam
254 1744 367 1795 etseetum
387 1747 428 1804 sit,
445 1752 473 1796 ut
492 1746 593 1797 bellicas
612 1748 738 1798 molestias
752 1753 776 1798 et
792 1748 918 1798 calamita-

119 1840 157 1884 tes
178 1841 256 1884 terrae
275 1835 400 1886 tiothanae
418 1839 500 1888 minus
519 1839 640 1888 senserint
659 1853 733 1902 qnam
746 1838 818 1896 aliae,
836 1843 918 1888 tamen

118 1940 167 1974 non
185 1927 266 1976 omnia
289 1927 442 1978 incommoda
460 1943 476 1978 a
498 1928 568 1978 nobis
586 1931 662 1978 averti
680 1933 818 1994 potuerunt.
855 1929 918 1978 Nam

118 2023 146 2065 ut
164 2016 214 2066 alie
230 2018 347 2074 omittam,
370 2019 497 2082 perpetuis
521 2017 692 2067 eti'renatornm
718 2018 826 2068 militum
843 2019 917 2068 itine-

117 2105 187 2156 ribus
206 2109 280 2156 etiam
297 2113 434 2157 nostrorum
454 2109 545 2157 oinium
563 2123 623 2172 opes
646 2108 719 2158 valde
743 2110 842 2159 attritae
859 2114 917 2159 sunt

118 2203 143 2246 et
162 2202 263 2261 paterna
281 2211 320 2247 res
339 2196 469 2246 familiaris
494 2197 561 2246 hand
586 2212 686 2262 parvam
711 2200 830 2248 iaeturam
847 2197 914 2250 feeit.

118 2287 208 2337 Nostra
231 2295 313 2338 antem
338 2287 421 2336 studia
446 2302 490 2352 per
511 2288 616 2337 eundern
642 2287 701 2338 belli
718 2290 851 2340 tumultum
868 2291 915 2340 im-

118 2379 294 2442 portunissima
312 2376 518 2446 interpellatione,
537 2392 601 2441 qnae
620 2378 675 2428 tolli
696 2379 763 2429 nullo
781 2381 853 2430 modo
870 2396 915 2446 po-

117 2469 187 2521 terat,
205 2464 326 2528 impedita
349 2467 413 2514 snnt.
467 2463 604 2514 Multorum
631 2459 732 2516 casnm
750 2465 915 2526 adversorum,

118 2551 161 2614 qni
185 2548 256 2599 nobis
282 2550 436 2608 inciderunt,
467 2551 576 2600 animum
605 2551 673 2602 subit
695 2552 845 2613 reeordatio;
871 2554 916 2604 sed

118 2635 252 2686 subsistam
275 2637 341 2686 intro
369 2637 418 2687 duo
447 2637 567 2702 exempla
622 2637 766 2701 Agebamns
796 2639 916 2691 solemnia

71 2727 72 2730 ’
117 2722 244 2788 paschalia
260 2724 318 2773 anni
334 2721 520 2774 mnodum
557 2724 692 2789 Imperator
712 2723 837 2774 Gallomm
857 2740 914 2776 enm

117 2809 211 2872 ingenti
231 2811 349 2870 exercitu,
367 2824 416 2874 qno
431 2811 528 2860 innotos
546 2825 602 2860 eum
618 2810 709 2861 Russis
729 2811 850 2862 Borussos
870 2811 913 2862 de-

117 2893 253 2948 bellaturos
273 2900 430 2960 eretusque
450 2897 477 2946 in
494 2900 593 2947 nostme
609 2900 689 2947 terrae
713 2895 774 2948 fines
799 2911 913 2963 progres-
