2212 3406
523 275 538 323 9

136 408 241 460 quorum
257 396 384 460 proprium
402 399 496 446 motum
512 407 645 458 numquam
663 393 732 444 risus
743 391 865 442 humanus
878 406 934 443 sen-

136 487 185 538 tire
201 484 242 537 vel
259 484 442 550 deprehendere
460 488 549 550 potest,
566 487 694 536 moventur
703 487 797 534 temen:
820 517 932 534 .....

137 581 189 628 tam
207 589 261 627 sero
281 579 465 641 promoventur,
489 579 517 625 ut
540 575 634 625 nullius
655 573 783 624 hominum
805 573 858 625 rita
883 577 934 624 mm

136 667 210 731 longa
229 669 269 726 sit,
289 681 353 730 quae
372 664 541 717 observatione
565 666 681 716 continua
704 662 797 716 sectam
824 662 855 714 de
879 663 933 714 loco

136 758 349 824 permutationem,
367 758 394 806 iu
405 770 453 820 quo
465 771 507 807 ees
521 757 627 821 primum
639 754 741 814 uiderat,
757 753 933 820 deprehendat.

538 843 862 910 Micr.Somn.Scip.2,11.

424 980 450 1024 3.
464 979 505 1024 De
518 981 648 1032 planetis.

316 1055 368 1096 Sunt
383 1057 451 1103 plures
466 1057 560 1104 planetes
577 1063 635 1102 quam
650 1055 758 1094 cernimus,

173 1141 345 1209 [Phavorinus]
361 1141 497 1192 mirabatur
512 1142 539 1193 id
562 1143 678 1206 cuiquem
693 1155 738 1207 pro
762 1145 878 1207 percepto
901 1142 933 1192 li·

137 1247 221 1300 quere,
240 1232 326 1284 stelles
342 1234 412 1292 istas,
430 1247 492 1298 quas
509 1235 627 1284 erraticas
643 1237 738 1291 vocent,
749 1246 862 1283 nonesse
876 1231 933 1296 plu-

135 1338 183 1384 res,
202 1338 276 1389 quam
294 1323 367 1387 vulgo
386 1322 537 1374 dicerentur:
561 1337 634 1388 posse
651 1324 717 1374 enim
735 1321 789 1373 fieri
805 1323 933 1374 existima-

135 1413 191 1474 bat,
221 1419 248 1464 ut
273 1419 297 1465 et
318 1414 362 1463 alii
387 1413 487 1478 quidem
508 1413 622 1478 planetes
643 1414 698 1478 peri
713 1416 835 1478 potestate
851 1417 935 1464 essent

137 1543 143 1555 .
163 1543 168 1554 .
189 1543 195 1554 .
212 1542 220 1554 .
238 1519 318 1568 neque
336 1519 378 1555 eos
391 1509 473 1554 temen
489 1503 601 1554 homines
620 1517 719 1554 eernere
738 1511 839 1568 possent
858 1517 932 1568 prop-

136 1599 175 1646 ter
199 1596 420 1660 exsuperantiam.
441 1633 446 1644 .
466 1593 630 1644 ‚altitudinis
651 1591 724 1644 Genu.
732 1593 761 1644 N.
769 1591 800 1642 A.
810 1596 850 1650 14,
860 1597 930 1650 1,11.

172 1684 352 1752 [Artemidorus
374 1683 508 1750 contendit]
528 1699 576 1734 non
593 1683 639 1734 has
653 1688 752 1734 'tautum
771 1683 856 1734 stellas
875 1683 928 1734 dis-

136 1790 247 1834 currere,
269 1776 314 1828 sed
338 1775 384 1826 has
401 1775 466 1826 soles
485 1775 625 1826 observatas
642 1789 710 1834 esse,
733 1778 842 1825 ceterum
859 1775 932 1824 innu-

135 1865 267 1918 merabiles
284 1865 345 1918 ferri
364 1881 409 1932 per
431 1866 554 1917 occultum
578 1903 608 1915 ..
633 1869 733 1930 propter
757 1863 932 1914 obscuritatem
1031 1856 1032 1860 ’

134 1955 237 2008 luminis
254 1956 324 2010 nobis
341 1957 445 2021 ignotas.
581 1954 635 2006 Sus.
643 1956 698 2005 Nat.
705 1953 749 2014 Qu.
758 1957 829 2013 7,]3,
839 1957 860 2004 1.

168 2049 223 2098 Nou
242 2052 280 2098 est
297 2046 363 2112 quod
380 2047 510 2098 existimes
528 2049 622 2110 septem
640 2045 693 2095 sola
711 2043 866 2103 discurrere,
891 2058 932 2096 ce·

134 2145 188 2189 tera
210 2137 325 2198 haerere3
354 2151 488 2202 paucorum
510 2142 591 2186 motus
624 2133 866 2201 comprehendimus,
892 2135 931 2184 in·

134 2227 300 2278 numerabiles
325 2242 383 2278 vero
403 2227 551 2292 longiusque
575 2243 590 2276 a
613 2230 745 2292 conspectu
768 2223 868 2292 [nostro]
892 2240 932 2276 se-

134 2317 204 2368 ducti
221 2317 248 2368 di
260 2321 319 2368 eunt
336 2317 497 2382 redeuntque.
592 2316 647 2368 Sur.
654 2316 686 2367 de
694 2315 750 2367 ben.
758 2318 830 2376 4,23,
838 2319 862 2366 4.

420 2451 446 2494 4.
460 2448 502 2493 De
516 2449 641 2494 comede.

407 2539 501 2580 demetet
516 2543 563 2581 eunt
579 2543 650 2581 sidera.

167 2614 278 2667 Cometes
295 2618 397 2666 nonest
419 2616 514 2680 species
537 2614 614 2675 feisa,
641 2615 686 2666 sed
710 2615 836 2681 proprium
861 2612 932 2665 sidus

133 2706 199 2758 sicut
216 2705 276 2757 solis
295 2710 321 2756 et
336 2705 417 2756 imae.
555 2704 861 2766 Snr.Net.Queest.7‚17.
948 2723 951 2729 ·

168 2795 316 2862 Apollonius
333 2795 457 2862 Myndius
468 2795 602 2847 eitmnltoe
614 2801 722 2848 cometas
731 2795 848 2846 erraticos
865 2807 929 2848 esse.

425 2927 426 2930 ,
523 2884 577 2937 Suu.
586 2887 641 2938 Nat.
649 2885 747 2946 Quaest.
757 2889 859 2945 t,1r,1.
