2174 3400
492 275 542 324 205

268 447 299 509 o.
321 447 375 508 mo
395 447 565 510 mmmm
583 449 763 519 mosomo
864 400 912 449 P*

386 527 645 590 OOGNITIONE.
884 546 914 592 16

155 637 177 683 1.
190 634 260 684 Nihil
278 639 369 684 temere
387 638 412 682 ot
429 633 483 682 sino
504 647 580 682 causo
597 634 683 696 genuit
702 638 799 684 natum.
812 662 846 670 -

136 707 161 753 2.
174 703 245 754 Nihil
262 717 307 768 por
328 717 355 752 so
372 716 495 764 magnum.
511 701 615 752 Insolito
632 717 687 753 raro
701 705 844 766 gignuntur.

133 773 211 824 Nulla
228 779 285 824 sunt
302 778 421 837 portenta.
443 771 546 835 Singula
555 773 654 822 curioso
665 773 844 836 investiganda.

136 872 171 879 -
190 847 212 893 3.
224 843 293 892 Artis
312 857 386 906 opera
405 856 461 891 oum
490 845 576 891 natura
600 857 648 892 non
673 843 843 907 comparando

134 943 169 949 —
187 917 212 962 4.
222 914 330 962 Naturae
348 913 456 961 maximo
467 912 579 961 vamotas.
592 940 626 946 —
644 915 667 962 5.
680 913 789 964 Naturae
800 911 844 964 bo-

136 985 253 1046 nignitos.
265 1011 299 1018 -
318 985 341 1031 6.
354 982 447 1031 Natura
465 996 512 1030 non
532 996 559 1031 so
577 982 745 1032 accommodat
756 982 787 1032 od
800 982 844 1032 ho-

137 1055 236 1103 minem.
249 1081 282 1088 —
302 1055 324 1101 7.
338 1053 432 1101 Natura
451 1052 544 1114 optima
567 1052 692 1114 magistra.
705 1081 739 1088 -
758 1055 781 1102 8.
794 1053 843 1102 Na-

137 1130 216 1172 turam
234 1137 307 1173 nosso
325 1135 414 1186 operae
434 1122 544 1184 pretium
567 1127 612 1170 ost.
626 1150 659 1156 —
679 1125 702 1170 9.
714 1122 767 1171 Non
791 1127 843 1172 tom

138 1191 214 1242 faoilo
231 1207 277 1242 neo
295 1191 364 1242 brevi
380 1195 490 1254 temporo
508 1190 570 1240 haec
579 1192 687 1254 cognitio
703 1199 812 1255 paratur.

118 1282 849 1376 mommomomoommmmooflommom

244 1391 376 1454 omos
398 1391 450 1451 m
472 1391 712 1454 mmmmm.

196 1506 258 1548 ΑΛ.
271 1505 312 1548 De
324 1504 448 1548 hominis
461 1504 654 1557 naturamque
666 1504 771 1549 indole.

220 1577 261 1620 De
273 1578 459 1620 humanam
471 1587 565 1620 rerum
574 1577 750 1620 condicione.

491 1667 509 1717 1.

123 1759 159 1808 De
179 1758 286 1809 humano
304 1774 394 1822 genere
453 1795 847 1810 ..........
884 1760 917 1807 20

162 1853 182 1898 1.
201 1849 280 1898 Homo
307 1848 398 1898 animal
421 1848 548 1914 praeclara
570 1851 665 1900 ratione
695 1853 844 1912 generatum.

142 1919 189 1968 Est
207 1919 249 1968 dei
265 1919 353 1981 imago.
366 1945 400 1953 —
418 1920 441 1967 2.
453 1917 544 1969 Omnes
562 1920 674 1970 hominos
697 1933 774 1968 unum
792 1931 848 1968 cor-

143 2003 189 2053 pus
206 1987 324 2039 officiunt.
338 2017 372 2024 -
391 1991 413 2038 3.
423 1988 543 2039 Homines
569 1995 685 2054 pereunt,
712 1987 846 2037 humanum

140 2073 217 2122 genus
235 2073 281 2107 non
298 2059 369 2124 perit.

485 2147 517 2198 II.

125 2239 161 2289 De
181 2240 298 2290 nascendi
317 2239 460 2290 condicione
503 2275 847 2291 .........
884 2239 917 2288 20

476 2350 521 2400 HI.

128 2441 164 2491 Do
181 2443 282 2505 origine.
319 2437 357 2492 De
374 2455 464 2506 genero
500 2477 846 2491 .........
884 2441 915 2489 21

163 2536 184 2580 1.
198 2532 233 2582 De
251 2532 328 2583 natali
344 2533 439 2585 die.¹-·—
456 2535 480 2582 2.
495 2531 533 2583 Do
550 2545 647 2596 genere.
697 2607 699 2618 Ι

481 2643 525 2695 IV.

127 2733 163 2785 Do
180 2734 245 2784 vitae
260 2732 384 2784 aetatibus
413 2769 847 2786 ...........
884 2733 917 2782 23

163 2825 184 2869 1.
196 2820 233 2871 Do
243 2821 361 2884 pueritia.
373 2847 407 2856 -
425 2822 449 2870 2.
462 2821 499 2871 Do
510 2823 644 2873 iuventute.
658 2849 692 2857 -
710 2823 733 2871 3.
745 2819 848 2871 Dooon-

146 2891 220 2940 stanti
237 2894 324 2941 aetate.
337 2918 371 2926 -
390 2893 414 2939 4.
424 2889 461 2940 Do
481 2896 614 2943 senectute.
