<?xml version="1.0" encoding="UTF-8"?>
<!DOCTYPE html PUBLIC "-//W3C//DTD XHTML 1.0 Transitional//EN"
    "http://www.w3.org/TR/xhtml1/DTD/xhtml1-transitional.dtd">
<html xmlns="http://www.w3.org/1999/xhtml" xml:lang="en" lang="en">
 <head>
  <title>
</title>
<meta http-equiv="Content-Type" content="text/html;charset=utf-8" />
  <meta name='ocr-system' content='tesseract 3.04.00' />
  <meta name='ocr-capabilities' content='ocr_page ocr_carea ocr_par ocr_line ocrx_word'/>
</head>
<body>
  <div class='ocr_page' id='page_1' title='image "./promptuariumsen00seyfgoog_0216.png"; bbox 0 0 2174 3400; ppageno 0'>
   <div class='ocr_carea' id='block_1_1' title="bbox 108 445 906 878">
    <p class='ocr_par' dir='ltr' id='par_1_1' title="bbox 108 445 906 604">
     <span class='ocr_line' id='line_1_1' title="bbox 146 445 906 513; baseline 0.005 -19"><span class='ocrx_word' id='word_1_1' title='bbox 146 445 214 494; x_wconf 85' lang='lat' dir='ltr'><strong>Hora</strong></span> <span class='ocrx_word' id='word_1_2' title='bbox 248 451 446 512; x_wconf 82' lang='lat' dir='ltr'><strong>momentumque</strong></span> <span class='ocrx_word' id='word_1_3' title='bbox 481 449 597 512; x_wconf 84' lang='lat' dir='ltr'><strong>temporis</strong></span> <span class='ocrx_word' id='word_1_4' title='bbox 632 447 771 498; x_wconf 81' lang='lat' dir='ltr'><strong>evertendis</strong></span> <span class='ocrx_word' id='word_1_5' title='bbox 794 449 906 513; x_wconf 90' lang='lat' dir='ltr'><strong>imperiis</strong></span> 
     </span>
     <span class='ocr_line' id='line_1_2' title="bbox 108 534 834 604; baseline 0.004 -18"><span class='ocrx_word' id='word_1_6' title='bbox 108 534 210 587; x_wconf 76' lang='lat' dir='ltr'><strong>suffieit.</strong></span> <span class='ocrx_word' id='word_1_7' title='bbox 612 537 834 604; x_wconf 83' lang='lat' dir='ltr'><strong>Sns.Epist.91,6.</strong></span> 
     </span>
    </p>

    <p class='ocr_par' dir='ltr' id='par_1_2' title="bbox 109 631 906 878">
     <span class='ocr_line' id='line_1_3' title="bbox 146 631 905 696; baseline -0.001 -15"><span class='ocrx_word' id='word_1_8' title='bbox 146 632 286 696; x_wconf 77' lang='lat' dir='ltr'><strong>Numquam</strong></span> <span class='ocrx_word' id='word_1_9' title='bbox 304 633 331 682; x_wconf 88' lang='lat' dir='ltr'><strong>iu</strong></span> <span class='ocrx_word' id='word_1_10' title='bbox 355 631 434 682; x_wconf 84' lang='lat' dir='ltr'><strong>solido</strong></span> <span class='ocrx_word' id='word_1_11' title='bbox 460 633 528 682; x_wconf 89' lang='lat' dir='ltr'><strong>stetit</strong></span> <span class='ocrx_word' id='word_1_12' title='bbox 555 632 663 696; x_wconf 84' lang='lat' dir='ltr'><strong>superba</strong></span> <span class='ocrx_word' id='word_1_13' title='bbox 686 631 795 682; x_wconf 80' lang='lat' dir='ltr'><strong>felicitas</strong></span> <span class='ocrx_word' id='word_1_14' title='bbox 817 637 842 682; x_wconf 88' lang='lat' dir='ltr'><strong>et</strong></span> <span class='ocrx_word' id='word_1_15' title='bbox 866 633 905 680; x_wconf 91' lang='lat' dir='ltr'><strong>in-</strong></span> 
     </span>
     <span class='ocr_line' id='line_1_4' title="bbox 109 721 906 787; baseline -0.001 -15"><span class='ocrx_word' id='word_1_16' title='bbox 109 723 222 786; x_wconf 78' lang='lat' dir='ltr'><strong>gentium</strong></span> <span class='ocrx_word' id='word_1_17' title='bbox 240 723 401 787; x_wconf 85' lang='lat' dir='ltr'><strong>imperiorum</strong></span> <span class='ocrx_word' id='word_1_18' title='bbox 419 739 509 787; x_wconf 70' lang='lat' dir='ltr'><strong>magna</strong></span> <span class='ocrx_word' id='word_1_19' title='bbox 526 722 630 787; x_wconf 83' lang='lat' dir='ltr'><strong>fastigia</strong></span> <span class='ocrx_word' id='word_1_20' title='bbox 647 722 769 774; x_wconf 83' lang='lat' dir='ltr'><strong>oblivione</strong></span> <span class='ocrx_word' id='word_1_21' title='bbox 783 721 906 785; x_wconf 82' lang='lat' dir='ltr'><strong>fragilita-</strong></span> 
     </span>
     <span class='ocr_line' id='line_1_5' title="bbox 110 813 868 878; baseline 0 -16"><span class='ocrx_word' id='word_1_22' title='bbox 110 813 145 863; x_wconf 87' lang='lat' dir='ltr'><strong>tis</strong></span> <span class='ocrx_word' id='word_1_23' title='bbox 162 813 284 864; x_wconf 75' lang='lat' dir='ltr'><strong>humanae</strong></span> <span class='ocrx_word' id='word_1_24' title='bbox 301 813 413 878; x_wconf 78' lang='lat' dir='ltr'><strong>collapsa</strong></span> <span class='ocrx_word' id='word_1_25' title='bbox 432 819 496 864; x_wconf 88' lang='lat' dir='ltr'><strong>sunt.</strong></span> <span class='ocrx_word' id='word_1_26' title='bbox 514 861 517 866; x_wconf 90' lang='grc'>,</span> <span class='ocrx_word' id='word_1_27' title='bbox 533 813 868 877; x_wconf 78' lang='lat' dir='ltr'><strong>Snn.Suas.1p.13ed.Bip.</strong></span> 
     </span>
    </p>
   </div>
   <div class='ocr_carea' id='block_1_2' title="bbox 109 923 906 1262">
    <p class='ocr_par' dir='ltr' id='par_1_3' title="bbox 109 923 906 1262">
     <span class='ocr_line' id='line_1_6' title="bbox 148 923 906 989; baseline 0.001 -15"><span class='ocrx_word' id='word_1_28' title='bbox 148 923 264 975; x_wconf 84' lang='lat' dir='ltr'><strong>Omnium</strong></span> <span class='ocrx_word' id='word_1_29' title='bbox 281 928 386 975; x_wconf 83' lang='lat' dir='ltr'><strong>istarum</strong></span> <span class='ocrx_word' id='word_1_30' title='bbox 404 926 539 983; x_wconf 82' lang='lat' dir='ltr'><strong>civitatum,</strong></span> <span class='ocrx_word' id='word_1_31' title='bbox 558 939 619 989; x_wconf 88' lang='lat' dir='ltr'><strong>quas</strong></span> <span class='ocrx_word' id='word_1_32' title='bbox 637 940 703 975; x_wconf 85' lang='lat' dir='ltr'><strong>nune</strong></span> <span class='ocrx_word' id='word_1_33' title='bbox 720 925 862 988; x_wconf 80' lang='lat' dir='ltr'><strong>magnificas</strong></span> <span class='ocrx_word' id='word_1_34' title='bbox 877 940 906 975; x_wconf 87' lang='lat' dir='ltr'><strong>ae</strong></span> 
     </span>
     <span class='ocr_line' id='line_1_7' title="bbox 109 1015 764 1080; baseline -0.005 -13"><span class='ocrx_word' id='word_1_35' title='bbox 109 1016 207 1067; x_wconf 87' lang='lat' dir='ltr'><strong>nobiles</strong></span> <span class='ocrx_word' id='word_1_36' title='bbox 224 1015 303 1074; x_wconf 78' lang='lat' dir='ltr'><strong>audie,</strong></span> <span class='ocrx_word' id='word_1_37' title='bbox 323 1017 427 1080; x_wconf 84' lang='lat' dir='ltr'><strong>vestigia</strong></span> <span class='ocrx_word' id='word_1_38' title='bbox 445 1031 542 1080; x_wconf 89' lang='lat' dir='ltr'><strong>quoque</strong></span> <span class='ocrx_word' id='word_1_39' title='bbox 560 1021 658 1080; x_wconf 86' lang='lat' dir='ltr'><strong>tempus</strong></span> <span class='ocrx_word' id='word_1_40' title='bbox 672 1016 764 1066; x_wconf 84' lang='lat' dir='ltr'><strong>eradet.</strong></span> 
     </span>
     <span class='ocr_line' id='line_1_8' title="bbox 595 1106 834 1172; baseline -0.004 -15"><span class='ocrx_word' id='word_1_41' title='bbox 595 1106 649 1157; x_wconf 78' lang='lat' dir='ltr'><strong>Suu.</strong></span> <span class='ocrx_word' id='word_1_42' title='bbox 657 1107 737 1172; x_wconf 83' lang='lat' dir='ltr'><strong>Epist.</strong></span> <span class='ocrx_word' id='word_1_43' title='bbox 745 1109 786 1163; x_wconf 87' lang='lat'><strong>91,</strong></span> <span class='ocrx_word' id='word_1_44' title='bbox 796 1109 834 1156; x_wconf 89' lang='lat'><strong>10.</strong></span> 
     </span>
     <span class='ocr_line' id='line_1_9' title="bbox 148 1196 906 1262; baseline 0.001 -14"><span class='ocrx_word' id='word_1_45' title='bbox 148 1196 247 1255; x_wconf 80' lang='lat' dir='ltr'><strong>Omnes,</strong></span> <span class='ocrx_word' id='word_1_46' title='bbox 265 1213 328 1262; x_wconf 88' lang='lat' dir='ltr'><strong>quae</strong></span> <span class='ocrx_word' id='word_1_47' title='bbox 345 1213 449 1262; x_wconf 79' lang='lat' dir='ltr'><strong>usquam</strong></span> <span class='ocrx_word' id='word_1_48' title='bbox 468 1213 551 1248; x_wconf 88' lang='lat' dir='ltr'><strong>rernm</strong></span> <span class='ocrx_word' id='word_1_49' title='bbox 575 1199 709 1262; x_wconf 77' lang='lat' dir='ltr'><strong>potiuntur,</strong></span> <span class='ocrx_word' id='word_1_50' title='bbox 733 1197 807 1247; x_wconf 83' lang='lat' dir='ltr'><strong>urbes</strong></span> <span class='ocrx_word' id='word_1_51' title='bbox 831 1213 906 1262; x_wconf 79' lang='lat' dir='ltr'><strong>quae-</strong></span> 
     </span>
    </p>
   </div>
   <div class='ocr_carea' id='block_1_3' title="bbox 111 1287 995 1355">
    <p class='ocr_par' dir='ltr' id='par_1_4' title="bbox 111 1287 995 1355">
     <span class='ocr_line' id='line_1_10' title="bbox 111 1287 995 1355; baseline -0.001 -16"><span class='ocrx_word' id='word_1_52' title='bbox 111 1304 162 1355; x_wconf 87' lang='lat' dir='ltr'><strong>que</strong></span> <span class='ocrx_word' id='word_1_53' title='bbox 178 1288 313 1340; x_wconf 84' lang='lat' dir='ltr'><strong>alienorum</strong></span> <span class='ocrx_word' id='word_1_54' title='bbox 330 1291 491 1354; x_wconf 86' lang='lat' dir='ltr'><strong>imperiorum</strong></span> <span class='ocrx_word' id='word_1_55' title='bbox 509 1305 598 1353; x_wconf 82' lang='lat' dir='ltr'><strong>magna</strong></span> <span class='ocrx_word' id='word_1_56' title='bbox 615 1295 672 1338; x_wconf 88' lang='lat' dir='ltr'><strong>sunt</strong></span> <span class='ocrx_word' id='word_1_57' title='bbox 685 1289 780 1346; x_wconf 74' lang='lat' dir='ltr'><strong>deeora,</strong></span> <span class='ocrx_word' id='word_1_58' title='bbox 798 1287 841 1338; x_wconf 87' lang='lat' dir='ltr'><strong>ubi</strong></span> <span class='ocrx_word' id='word_1_59' title='bbox 851 1287 907 1338; x_wconf 87' lang='lat' dir='ltr'><strong>fue·</strong></span> <span class='ocrx_word' id='word_1_60' title='bbox 993 1297 995 1301; x_wconf 82' lang='grc'>’</span> 
     </span>
    </p>
   </div>
   <div class='ocr_carea' id='block_1_4' title="bbox 110 1379 907 1988">
    <p class='ocr_par' dir='ltr' id='par_1_5' title="bbox 110 1379 907 1988">
     <span class='ocr_line' id='line_1_11' title="bbox 112 1379 905 1444; baseline -0.003 -14"><span class='ocrx_word' id='word_1_61' title='bbox 112 1382 178 1439; x_wconf 87' lang='lat' dir='ltr'><strong>rint,</strong></span> <span class='ocrx_word' id='word_1_62' title='bbox 195 1379 327 1444; x_wconf 84' lang='lat' dir='ltr'><strong>aliquando</strong></span> <span class='ocrx_word' id='word_1_63' title='bbox 347 1385 481 1444; x_wconf 83' lang='lat' dir='ltr'><strong>quaeretur</strong></span> <span class='ocrx_word' id='word_1_64' title='bbox 497 1384 522 1429; x_wconf 89' lang='lat' dir='ltr'><strong>et</strong></span> <span class='ocrx_word' id='word_1_65' title='bbox 541 1381 606 1430; x_wconf 86' lang='lat' dir='ltr'><strong>vario</strong></span> <span class='ocrx_word' id='word_1_66' title='bbox 625 1381 697 1430; x_wconf 83' lang='lat' dir='ltr'><strong>exitii</strong></span> <span class='ocrx_word' id='word_1_67' title='bbox 716 1393 805 1442; x_wconf 80' lang='lat' dir='ltr'><strong>genere</strong></span> <span class='ocrx_word' id='word_1_68' title='bbox 817 1379 905 1430; x_wconf 86' lang='lat' dir='ltr'><strong>tollen-</strong></span> 
     </span>
     <span class='ocr_line' id='line_1_12' title="bbox 111 1469 838 1534; baseline -0.004 -13"><span class='ocrx_word' id='word_1_69' title='bbox 111 1475 161 1521; x_wconf 86' lang='lat' dir='ltr'><strong>tur.</strong></span> <span class='ocrx_word' id='word_1_70' title='bbox 598 1469 763 1534; x_wconf 80' lang='lat' dir='ltr'><strong>Snu.Epist.7</strong></span> <span class='ocrx_word' id='word_1_71' title='bbox 769 1473 838 1527; x_wconf 83' lang='lat'>1,15.</span> 
     </span>
     <span class='ocr_line' id='line_1_13' title="bbox 146 1559 907 1626; baseline -0.003 -15"><span class='ocrx_word' id='word_1_72' title='bbox 146 1562 285 1626; x_wconf 89' lang='lat' dir='ltr'><strong>Numquam</strong></span> <span class='ocrx_word' id='word_1_73' title='bbox 315 1561 440 1611; x_wconf 80' lang='lat' dir='ltr'><strong>inmodica</strong></span> <span class='ocrx_word' id='word_1_74' title='bbox 462 1561 595 1620; x_wconf 77' lang='lat' dir='ltr'><strong>duranum,</strong></span> <span class='ocrx_word' id='word_1_75' title='bbox 612 1563 660 1610; x_wconf 89' lang='lat' dir='ltr'><strong>nisi</strong></span> <span class='ocrx_word' id='word_1_76' title='bbox 687 1559 733 1610; x_wconf 83' lang='lat' dir='ltr'><strong>illa</strong></span> <span class='ocrx_word' id='word_1_77' title='bbox 756 1559 907 1610; x_wconf 83' lang='lat' dir='ltr'><strong>moderatrix</strong></span> 
     </span>
     <span class='ocr_line' id='line_1_14' title="bbox 110 1650 907 1722; baseline -0.004 -19"><span class='ocrx_word' id='word_1_78' title='bbox 110 1654 172 1703; x_wconf 87' lang='lat' dir='ltr'><strong>ratio</strong></span> <span class='ocrx_word' id='word_1_79' title='bbox 191 1653 349 1722; x_wconf 79' lang='lat' dir='ltr'><strong>compescuit.</strong></span> <span class='ocrx_word' id='word_1_80' title='bbox 386 1651 440 1702; x_wconf 86' lang='lat' dir='ltr'><strong>Hoe</strong></span> <span class='ocrx_word' id='word_1_81' title='bbox 459 1651 592 1702; x_wconf 81' lang='lat' dir='ltr'><strong>muitarum</strong></span> <span class='ocrx_word' id='word_1_82' title='bbox 611 1651 658 1702; x_wconf 84' lang='lat' dir='ltr'><strong>tibi</strong></span> <span class='ocrx_word' id='word_1_83' title='bbox 677 1650 775 1701; x_wconf 88' lang='lat' dir='ltr'><strong>urbium</strong></span> <span class='ocrx_word' id='word_1_84' title='bbox 795 1650 907 1702; x_wconf 87' lang='lat' dir='ltr'><strong>ostendet</strong></span> 
     </span>
     <span class='ocr_line' id='line_1_15' title="bbox 111 1742 907 1807; baseline -0.004 -14"><span class='ocrx_word' id='word_1_85' title='bbox 111 1747 221 1801; x_wconf 74' lang='lat' dir='ltr'><strong>eventus</strong></span> <span class='ocrx_word' id='word_1_86' title='bbox 239 1756 342 1806; x_wconf 83' lang='lat' dir='ltr'><strong>quarum</strong></span> <span class='ocrx_word' id='word_1_87' title='bbox 361 1744 458 1807; x_wconf 85' lang='lat' dir='ltr'><strong>inipso</strong></span> <span class='ocrx_word' id='word_1_88' title='bbox 477 1743 535 1792; x_wconf 86' lang='lat' dir='ltr'><strong>flere</strong></span> <span class='ocrx_word' id='word_1_89' title='bbox 561 1742 690 1792; x_wconf 84' lang='lat' dir='ltr'><strong>luxuriosa</strong></span> <span class='ocrx_word' id='word_1_90' title='bbox 714 1743 817 1806; x_wconf 81' lang='lat' dir='ltr'><strong>imperia</strong></span> <span class='ocrx_word' id='word_1_91' title='bbox 840 1743 907 1798; x_wconf 78' lang='lat' dir='ltr'><strong>ceci-</strong></span> 
     </span>
     <span class='ocr_line' id='line_1_16' title="bbox 112 1833 907 1898; baseline -0.003 -15"><span class='ocrx_word' id='word_1_92' title='bbox 112 1833 209 1891; x_wconf 74' lang='lat' dir='ltr'><strong>deumt</strong></span> <span class='ocrx_word' id='word_1_93' title='bbox 228 1839 252 1882; x_wconf 91' lang='lat' dir='ltr'><strong>et</strong></span> <span class='ocrx_word' id='word_1_94' title='bbox 269 1833 387 1897; x_wconf 89' lang='lat' dir='ltr'><strong>quiequid</strong></span> <span class='ocrx_word' id='word_1_95' title='bbox 406 1835 498 1884; x_wconf 78' lang='lat' dir='ltr'><strong>virtute</strong></span> <span class='ocrx_word' id='word_1_96' title='bbox 515 1841 611 1898; x_wconf 86' lang='lat' dir='ltr'><strong>partum</strong></span> <span class='ocrx_word' id='word_1_97' title='bbox 632 1839 691 1892; x_wconf 81' lang='lat' dir='ltr'><strong>erat,</strong></span> <span class='ocrx_word' id='word_1_98' title='bbox 718 1833 907 1896; x_wconf 84' lang='lat' dir='ltr'><strong>intemperantia</strong></span> 
     </span>
     <span class='ocr_line' id='line_1_17' title="bbox 111 1923 836 1988; baseline -0.003 -14"><span class='ocrx_word' id='word_1_99' title='bbox 111 1925 212 1974; x_wconf 77' lang='lat' dir='ltr'><strong>corruit.</strong></span> <span class='ocrx_word' id='word_1_100' title='bbox 597 1923 836 1988; x_wconf 56' lang='lat' dir='ltr'><strong>stampinsem.</strong></span> 
     </span>
    </p>
   </div>
   <div class='ocr_carea' id='block_1_5' title="bbox 133 2042 885 2096">
    <p class='ocr_par' dir='ltr' id='par_1_6' title="bbox 133 2042 885 2096">
     <span class='ocr_line' id='line_1_18' title="bbox 133 2042 885 2096; baseline 0 -10"><span class='ocrx_word' id='word_1_101' title='bbox 133 2044 160 2087; x_wconf 82' lang='lat'><strong>4.</strong></span> <span class='ocrx_word' id='word_1_102' title='bbox 173 2042 275 2087; x_wconf 77' lang='lat' dir='ltr'><strong>Nullae</strong></span> <span class='ocrx_word' id='word_1_103' title='bbox 288 2043 419 2087; x_wconf 81' lang='lat' dir='ltr'><strong>nationes</strong></span> <span class='ocrx_word' id='word_1_104' title='bbox 431 2043 518 2088; x_wconf 78' lang='lat' dir='ltr'><strong>deleri</strong></span> <span class='ocrx_word' id='word_1_105' title='bbox 530 2043 652 2096; x_wconf 79' lang='lat' dir='ltr'><strong>possunt</strong></span> <span class='ocrx_word' id='word_1_106' title='bbox 664 2043 720 2087; x_wconf 83' lang='lat' dir='ltr'><strong>nisi</strong></span> <span class='ocrx_word' id='word_1_107' title='bbox 732 2053 783 2087; x_wconf 78' lang='lat' dir='ltr'><strong>sna</strong></span> <span class='ocrx_word' id='word_1_108' title='bbox 795 2044 885 2095; x_wconf 77' lang='lat' dir='ltr'><strong>eulpa.</strong></span> 
     </span>
    </p>
   </div>
   <div class='ocr_carea' id='block_1_6' title="bbox 112 2133 906 2374">
    <p class='ocr_par' dir='ltr' id='par_1_7' title="bbox 112 2133 906 2374">
     <span class='ocr_line' id='line_1_19' title="bbox 146 2133 906 2198; baseline 0 -14"><span class='ocrx_word' id='word_1_109' title='bbox 146 2133 222 2184; x_wconf 82' lang='lat' dir='ltr'><strong>Nulla</strong></span> <span class='ocrx_word' id='word_1_110' title='bbox 242 2134 356 2198; x_wconf 86' lang='lat' dir='ltr'><strong>quamvis</strong></span> <span class='ocrx_word' id='word_1_111' title='bbox 375 2135 476 2184; x_wconf 88' lang='lat' dir='ltr'><strong>minima</strong></span> <span class='ocrx_word' id='word_1_112' title='bbox 501 2135 568 2184; x_wconf 86' lang='lat' dir='ltr'><strong>natio</strong></span> <span class='ocrx_word' id='word_1_113' title='bbox 591 2138 673 2198; x_wconf 87' lang='lat' dir='ltr'><strong>potest</strong></span> <span class='ocrx_word' id='word_1_114' title='bbox 698 2133 730 2184; x_wconf 89' lang='lat' dir='ltr'><strong>ab</strong></span> <span class='ocrx_word' id='word_1_115' title='bbox 755 2133 906 2185; x_wconf 82' lang='lat' dir='ltr'><strong>adversariis</strong></span> 
     </span>
     <span class='ocr_line' id='line_1_20' title="bbox 112 2223 905 2290; baseline -0.003 -14"><span class='ocrx_word' id='word_1_116' title='bbox 112 2224 198 2283; x_wconf 87' lang='lat' dir='ltr'><strong>deleri,</strong></span> <span class='ocrx_word' id='word_1_117' title='bbox 216 2227 264 2275; x_wconf 92' lang='lat' dir='ltr'><strong>nisi</strong></span> <span class='ocrx_word' id='word_1_118' title='bbox 281 2226 388 2290; x_wconf 85' lang='lat' dir='ltr'><strong>propriis</strong></span> <span class='ocrx_word' id='word_1_119' title='bbox 407 2223 576 2275; x_wconf 85' lang='lat' dir='ltr'><strong>simultatibus</strong></span> <span class='ocrx_word' id='word_1_120' title='bbox 595 2227 694 2289; x_wconf 86' lang='lat' dir='ltr'><strong>seipsa</strong></span> <span class='ocrx_word' id='word_1_121' title='bbox 719 2226 905 2289; x_wconf 84' lang='lat' dir='ltr'><strong>consumpserit.</strong></span> 
     </span>
     <span class='ocr_line' id='line_1_21' title="bbox 503 2315 837 2374; baseline -0.006 -8"><span class='ocrx_word' id='word_1_122' title='bbox 503 2334 505 2338; x_wconf 68' lang='grc'>’</span> <span class='ocrx_word' id='word_1_123' title='bbox 584 2315 788 2374; x_wconf 81' lang='lat' dir='ltr'><strong>Vnsnr.R.M.3‚</strong></span> <span class='ocrx_word' id='word_1_124' title='bbox 799 2319 837 2364; x_wconf 88' lang='lat'><strong>10.</strong></span> 
     </span>
    </p>
   </div>
   <div class='ocr_carea' id='block_1_7' title="bbox 141 2434 877 2552">
    <p class='ocr_par' dir='ltr' id='par_1_8' title="bbox 141 2434 877 2552">
     <span class='ocr_line' id='line_1_22' title="bbox 141 2434 877 2488; baseline 0.001 -11"><span class='ocrx_word' id='word_1_125' title='bbox 141 2435 166 2479; x_wconf 86' lang='lat' dir='ltr'><strong>s.</strong></span> <span class='ocrx_word' id='word_1_126' title='bbox 180 2434 222 2478; x_wconf 85' lang='lat' dir='ltr'><strong>De</strong></span> <span class='ocrx_word' id='word_1_127' title='bbox 233 2435 325 2488; x_wconf 79' lang='lat' dir='ltr'><strong>patria</strong></span> <span class='ocrx_word' id='word_1_128' title='bbox 337 2435 355 2479; x_wconf 86' lang='lat' dir='ltr'><strong>i.</strong></span> <span class='ocrx_word' id='word_1_129' title='bbox 369 2445 392 2480; x_wconf 82' lang='lat' dir='ltr'><strong>e.</strong></span> <span class='ocrx_word' id='word_1_130' title='bbox 406 2435 441 2480; x_wconf 83' lang='lat' dir='ltr'><strong>de</strong></span> <span class='ocrx_word' id='word_1_131' title='bbox 454 2435 574 2488; x_wconf 77' lang='lat' dir='ltr'><strong>civitate,</strong></span> <span class='ocrx_word' id='word_1_132' title='bbox 587 2435 667 2480; x_wconf 81' lang='lat' dir='ltr'><strong>euius</strong></span> <span class='ocrx_word' id='word_1_133' title='bbox 680 2435 877 2479; x_wconf 77' lang='lat' dir='ltr'><strong>communione</strong></span> 
     </span>
     <span class='ocr_line' id='line_1_23' title="bbox 443 2508 578 2552; baseline 0 0"><span class='ocrx_word' id='word_1_134' title='bbox 443 2508 578 2552; x_wconf 75' lang='lat' dir='ltr'><strong>tenemur.</strong></span> 
     </span>
    </p>
   </div>
   <div class='ocr_carea' id='block_1_8' title="bbox 146 2597 833 2746">
    <p class='ocr_par' dir='ltr' id='par_1_9' title="bbox 146 2597 833 2746">
     <span class='ocr_line' id='line_1_24' title="bbox 146 2597 681 2664; baseline 0.002 -17"><span class='ocrx_word' id='word_1_135' title='bbox 146 2597 232 2648; x_wconf 80' lang='lat' dir='ltr'><strong>Patria</strong></span> <span class='ocrx_word' id='word_1_136' title='bbox 249 2604 287 2649; x_wconf 87' lang='lat' dir='ltr'><strong>est</strong></span> <span class='ocrx_word' id='word_1_137' title='bbox 305 2600 442 2648; x_wconf 86' lang='lat' dir='ltr'><strong>eommunis</strong></span> <span class='ocrx_word' id='word_1_138' title='bbox 459 2600 568 2648; x_wconf 88' lang='lat' dir='ltr'><strong>omnium</strong></span> <span class='ocrx_word' id='word_1_139' title='bbox 584 2613 681 2664; x_wconf 84' lang='lat' dir='ltr'><strong>parens.</strong></span> 
     </span>
     <span class='ocr_line' id='line_1_25' title="bbox 556 2687 833 2746; baseline -0.018 -6"><span class='ocrx_word' id='word_1_140' title='bbox 556 2687 608 2740; x_wconf 81' lang='lat' dir='ltr'><strong>Ore.</strong></span> <span class='ocrx_word' id='word_1_141' title='bbox 615 2691 640 2739; x_wconf 92' lang='lat' dir='ltr'><strong>in</strong></span> <span class='ocrx_word' id='word_1_142' title='bbox 649 2687 720 2740; x_wconf 86' lang='lat' dir='ltr'><strong>Oatil.</strong></span> <span class='ocrx_word' id='word_1_143' title='bbox 731 2691 752 2746; x_wconf 81' lang='lat'><strong>1.</strong></span> <span class='ocrx_word' id='word_1_144' title='bbox 761 2691 784 2745; x_wconf 79' lang='lat'><strong>7.</strong></span> <span class='ocrx_word' id='word_1_145' title='bbox 794 2691 833 2736; x_wconf 82' lang='grc'><strong>17.</strong></span> 
     </span>
    </p>
   </div>
   <div class='ocr_carea' id='block_1_9' title="bbox 147 2808 907 2962">
    <p class='ocr_par' dir='ltr' id='par_1_10' title="bbox 147 2808 907 2962">
     <span class='ocr_line' id='line_1_26' title="bbox 341 2808 680 2862; baseline 0 -10"><span class='ocrx_word' id='word_1_146' title='bbox 341 2808 368 2854; x_wconf 83' lang='grc'><strong>6.</strong></span> <span class='ocrx_word' id='word_1_147' title='bbox 382 2808 423 2852; x_wconf 79' lang='lat' dir='ltr'><strong>Do</strong></span> <span class='ocrx_word' id='word_1_148' title='bbox 435 2809 540 2862; x_wconf 74' lang='lat' dir='ltr'><strong>patriae</strong></span> <span class='ocrx_word' id='word_1_149' title='bbox 557 2808 680 2852; x_wconf 67' lang='lat' dir='ltr'><strong>oenum.</strong></span> 
     </span>
     <span class='ocr_line' id='line_1_27' title="bbox 147 2896 907 2962; baseline -0.001 -11"><span class='ocrx_word' id='word_1_150' title='bbox 147 2898 262 2951; x_wconf 86' lang='lat' dir='ltr'><strong>Omnium</strong></span> <span class='ocrx_word' id='word_1_151' title='bbox 283 2900 428 2950; x_wconf 74' lang='lat' dir='ltr'><strong>soeietmum</strong></span> <span class='ocrx_word' id='word_1_152' title='bbox 444 2898 515 2948; x_wconf 88' lang='lat' dir='ltr'><strong>nulla</strong></span> <span class='ocrx_word' id='word_1_153' title='bbox 536 2906 573 2948; x_wconf 89' lang='lat' dir='ltr'><strong>est</strong></span> <span class='ocrx_word' id='word_1_154' title='bbox 592 2899 701 2962; x_wconf 75' lang='lat' dir='ltr'><strong>gravior.</strong></span> <span class='ocrx_word' id='word_1_155' title='bbox 726 2896 796 2948; x_wconf 85' lang='lat' dir='ltr'><strong>nulia</strong></span> <span class='ocrx_word' id='word_1_156' title='bbox 819 2899 907 2957; x_wconf 78' lang='lat' dir='ltr'><strong>uanior.</strong></span> 
     </span>
    </p>
   </div>
   <div class='ocr_carea' id='block_1_10' title="bbox 0 0 1098 3400">
    <p class='ocr_par' dir='ltr' id='par_1_11' title="bbox 0 0 1098 3400">
     <span class='ocr_line' id='line_1_28' title="bbox 0 0 1098 3400; baseline 0 0"><span class='ocrx_word' id='word_1_157' title='bbox 0 0 1098 3400; x_wconf 95' lang='lat' dir='ltr'><strong> </strong></span> 
     </span>
    </p>
   </div>
  </div>
 </body>
</html>
