<?xml version="1.0" encoding="UTF-8"?>
<!DOCTYPE html PUBLIC "-//W3C//DTD XHTML 1.0 Transitional//EN"
    "http://www.w3.org/TR/xhtml1/DTD/xhtml1-transitional.dtd">
<html xmlns="http://www.w3.org/1999/xhtml" xml:lang="en" lang="en">
 <head>
  <title>
</title>
<meta http-equiv="Content-Type" content="text/html;charset=utf-8" />
  <meta name='ocr-system' content='tesseract 3.04.00' />
  <meta name='ocr-capabilities' content='ocr_page ocr_carea ocr_par ocr_line ocrx_word'/>
</head>
<body>
  <div class='ocr_page' id='page_1' title='image "./promptuariumsen00seyfgoog_0150.png"; bbox 0 0 2208 3402; ppageno 0'>
   <div class='ocr_carea' id='block_1_1' title="bbox 513 268 561 316">
    <p class='ocr_par' dir='ltr' id='par_1_1' title="bbox 513 268 561 316">
     <span class='ocr_line' id='line_1_1' title="bbox 513 268 561 316; baseline -0.042 0"><span class='ocrx_word' id='word_1_1' title='bbox 513 268 561 316; x_wconf 84' lang='lat'>101</span> 
     </span>
    </p>
   </div>
   <div class='ocr_carea' id='block_1_2' title="bbox 136 408 934 1008">
    <p class='ocr_par' dir='ltr' id='par_1_2' title="bbox 136 408 934 1008">
     <span class='ocr_line' id='line_1_2' title="bbox 400 408 661 444; baseline -0.008 0"><span class='ocrx_word' id='word_1_2' title='bbox 400 409 554 444; x_wconf 70' lang='lat' dir='ltr'>mammem·</span> <span class='ocrx_word' id='word_1_3' title='bbox 566 408 661 444; x_wconf 69' lang='lat' dir='ltr'>naum.</span> 
     </span>
     <span class='ocr_line' id='line_1_3' title="bbox 172 488 933 556; baseline -0.005 -14"><span class='ocrx_word' id='word_1_4' title='bbox 172 490 275 550; x_wconf 79' lang='lat' dir='ltr'>Quidam</span> <span class='ocrx_word' id='word_1_5' title='bbox 294 507 326 542; x_wconf 84' lang='lat' dir='ltr'>ex</span> <span class='ocrx_word' id='word_1_6' title='bbox 342 491 484 542; x_wconf 86' lang='lat' dir='ltr'>hominibus</span> <span class='ocrx_word' id='word_1_7' title='bbox 499 493 625 556; x_wconf 75' lang='lat' dir='ltr'>egregiam</span> <span class='ocrx_word' id='word_1_8' title='bbox 642 491 723 540; x_wconf 86' lang='lat' dir='ltr'>sortiti</span> <span class='ocrx_word' id='word_1_9' title='bbox 733 488 842 540; x_wconf 78' lang='lat' dir='ltr'>indolem</span> <span class='ocrx_word' id='word_1_10' title='bbox 857 488 884 538; x_wconf 89' lang='lat' dir='ltr'>in</span> <span class='ocrx_word' id='word_1_11' title='bbox 896 501 933 546; x_wconf 86' lang='lat' dir='ltr'>ea,</span> 
     </span>
     <span class='ocr_line' id='line_1_4' title="bbox 137 580 934 648; baseline -0.006 -16"><span class='ocrx_word' id='word_1_12' title='bbox 137 596 202 646; x_wconf 86' lang='lat' dir='ltr'>quae</span> <span class='ocrx_word' id='word_1_13' title='bbox 222 581 288 632; x_wconf 87' lang='lat' dir='ltr'>tradi</span> <span class='ocrx_word' id='word_1_14' title='bbox 306 582 392 642; x_wconf 71' lang='lat' dir='ltr'>solent,</span> <span class='ocrx_word' id='word_1_15' title='bbox 409 583 556 648; x_wconf 84' lang='lat' dir='ltr'>perveniunt</span> <span class='ocrx_word' id='word_1_16' title='bbox 574 583 627 632; x_wconf 90' lang='lat' dir='ltr'>sine</span> <span class='ocrx_word' id='word_1_17' title='bbox 651 581 724 644; x_wconf 86' lang='lat' dir='ltr'>longe</span> <span class='ocrx_word' id='word_1_18' title='bbox 746 580 888 644; x_wconf 85' lang='lat' dir='ltr'>magisterio</span> <span class='ocrx_word' id='word_1_19' title='bbox 908 581 934 628; x_wconf 90' lang='lat' dir='ltr'>et</span> 
     </span>
     <span class='ocr_line' id='line_1_5' title="bbox 137 669 793 738; baseline -0.006 -16"><span class='ocrx_word' id='word_1_20' title='bbox 137 671 241 724; x_wconf 84' lang='lat' dir='ltr'>honesta</span> <span class='ocrx_word' id='word_1_21' title='bbox 258 669 381 738; x_wconf 80' lang='lat' dir='ltr'>complexi</span> <span class='ocrx_word' id='word_1_22' title='bbox 398 677 467 732; x_wconf 83' lang='lat' dir='ltr'>suut,</span> <span class='ocrx_word' id='word_1_23' title='bbox 485 687 542 724; x_wconf 86' lang='lat' dir='ltr'>eum</span> <span class='ocrx_word' id='word_1_24' title='bbox 559 674 666 738; x_wconf 86' lang='lat' dir='ltr'>primum</span> <span class='ocrx_word' id='word_1_25' title='bbox 685 670 793 722; x_wconf 76' lang='lat' dir='ltr'><strong>audiere.</strong></span> 
     </span>
     <span class='ocr_line' id='line_1_6' title="bbox 618 760 861 824; baseline -0.012 -12"><span class='ocrx_word' id='word_1_26' title='bbox 618 760 861 824; x_wconf 67' lang='lat' dir='ltr'>Snnsspistsnse.</span> 
     </span>
     <span class='ocr_line' id='line_1_7' title="bbox 172 849 933 918; baseline -0.004 -16"><span class='ocrx_word' id='word_1_27' title='bbox 172 853 327 918; x_wconf 77' lang='lat' dir='ltr'>inperfectus</span> <span class='ocrx_word' id='word_1_28' title='bbox 353 855 421 918; x_wconf 84' lang='lat' dir='ltr'>vigor</span> <span class='ocrx_word' id='word_1_29' title='bbox 438 856 476 904; x_wconf 87' lang='lat' dir='ltr'>est</span> <span class='ocrx_word' id='word_1_30' title='bbox 495 851 616 912; x_wconf 81' lang='lat' dir='ltr'>omnibus,</span> <span class='ocrx_word' id='word_1_31' title='bbox 638 867 702 917; x_wconf 87' lang='lat' dir='ltr'>quae</span> <span class='ocrx_word' id='word_1_32' title='bbox 716 853 769 902; x_wconf 90' lang='lat' dir='ltr'>sine</span> <span class='ocrx_word' id='word_1_33' title='bbox 784 854 838 900; x_wconf 86' lang='lat' dir='ltr'>arte</span> <span class='ocrx_word' id='word_1_34' title='bbox 851 849 933 914; x_wconf 87' lang='lat' dir='ltr'>ipsius</span> 
     </span>
     <span class='ocr_line' id='line_1_8' title="bbox 136 941 898 1008; baseline -0.007 -15"><span class='ocrx_word' id='word_1_35' title='bbox 136 947 233 994; x_wconf 90' lang='lat' dir='ltr'>tautum</span> <span class='ocrx_word' id='word_1_36' title='bbox 252 948 353 994; x_wconf 89' lang='lat' dir='ltr'>naturae</span> <span class='ocrx_word' id='word_1_37' title='bbox 374 943 438 994; x_wconf 88' lang='lat' dir='ltr'>bono</span> <span class='ocrx_word' id='word_1_38' title='bbox 457 947 601 1008; x_wconf 82' lang='lat' dir='ltr'>exsurgunt.</span> <span class='ocrx_word' id='word_1_39' title='bbox 645 941 700 994; x_wconf 79' lang='lat' dir='ltr'>Sar.</span> <span class='ocrx_word' id='word_1_40' title='bbox 708 941 739 992; x_wconf 92' lang='lat' dir='ltr'>de</span> <span class='ocrx_word' id='word_1_41' title='bbox 746 943 783 990; x_wconf 88' lang='lat' dir='ltr'>ira</span> <span class='ocrx_word' id='word_1_42' title='bbox 793 943 816 992; x_wconf 81' lang='lat'>2.</span> <span class='ocrx_word' id='word_1_43' title='bbox 827 941 898 998; x_wconf 81' lang='lat'>15,2.</span> 
     </span>
    </p>
   </div>
   <div class='ocr_carea' id='block_1_3' title="bbox 370 1079 701 1134">
    <p class='ocr_par' dir='ltr' id='par_1_3' title="bbox 370 1079 701 1134">
     <span class='ocr_line' id='line_1_9' title="bbox 370 1079 701 1134; baseline 0 -10"><span class='ocrx_word' id='word_1_44' title='bbox 370 1079 396 1126; x_wconf 81' lang='lat'>3.</span> <span class='ocrx_word' id='word_1_45' title='bbox 405 1081 446 1125; x_wconf 85' lang='lat' dir='ltr'>De</span> <span class='ocrx_word' id='word_1_46' title='bbox 454 1081 560 1126; x_wconf 74' lang='lat' dir='ltr'>anhelis</span> <span class='ocrx_word' id='word_1_47' title='bbox 571 1079 701 1134; x_wconf 73' lang='lat' dir='ltr'><strong>publicis.</strong></span> 
     </span>
    </p>
   </div>
   <div class='ocr_carea' id='block_1_4' title="bbox 355 1193 716 1236">
    <p class='ocr_par' dir='ltr' id='par_1_4' title="bbox 355 1193 716 1236">
     <span class='ocr_line' id='line_1_10' title="bbox 355 1193 716 1236; baseline -0.008 -7"><span class='ocrx_word' id='word_1_48' title='bbox 355 1193 453 1236; x_wconf 62' lang='lat' dir='ltr'>mamae</span> <span class='ocrx_word' id='word_1_49' title='bbox 471 1194 565 1229; x_wconf 70' lang='lat' dir='ltr'>scholae</span> <span class='ocrx_word' id='word_1_50' title='bbox 583 1193 716 1236; x_wconf 65' lang='lat' dir='ltr'>fugienda.</span> 
     </span>
    </p>
   </div>
   <div class='ocr_carea' id='block_1_5' title="bbox 173 1273 935 1342">
    <p class='ocr_par' dir='ltr' id='par_1_5' title="bbox 173 1273 935 1342">
     <span class='ocr_line' id='line_1_11' title="bbox 173 1273 935 1342; baseline -0.001 -16"><span class='ocrx_word' id='word_1_51' title='bbox 173 1275 206 1326; x_wconf 92' lang='lat' dir='ltr'>Ut</span> <span class='ocrx_word' id='word_1_52' title='bbox 225 1275 360 1341; x_wconf 75' lang='lat' dir='ltr'>fugiendae</span> <span class='ocrx_word' id='word_1_53' title='bbox 380 1279 433 1327; x_wconf 89' lang='lat' dir='ltr'>sint·</span> <span class='ocrx_word' id='word_1_54' title='bbox 446 1291 551 1342; x_wconf 87' lang='lat' dir='ltr'>magnae</span> <span class='ocrx_word' id='word_1_55' title='bbox 570 1276 683 1334; x_wconf 80' lang='lat' dir='ltr'>anhelae,</span> <span class='ocrx_word' id='word_1_56' title='bbox 706 1289 754 1326; x_wconf 83' lang='lat' dir='ltr'>nen</span> <span class='ocrx_word' id='word_1_57' title='bbox 782 1279 864 1325; x_wconf 88' lang='lat' dir='ltr'>tamen</span> <span class='ocrx_word' id='word_1_58' title='bbox 888 1273 935 1325; x_wconf 83' lang='lat' dir='ltr'>hoe</span> 
     </span>
    </p>
   </div>
   <div class='ocr_carea' id='block_1_6' title="bbox 138 1365 866 1518">
    <p class='ocr_par' dir='ltr' id='par_1_6' title="bbox 138 1365 866 1518">
     <span class='ocr_line' id='line_1_12' title="bbox 138 1365 757 1431; baseline -0.003 -13"><span class='ocrx_word' id='word_1_59' title='bbox 138 1379 168 1418; x_wconf 83' lang='lat' dir='ltr'>eo</span> <span class='ocrx_word' id='word_1_60' title='bbox 188 1367 261 1426; x_wconf 85' lang='lat' dir='ltr'>valet,</span> <span class='ocrx_word' id='word_1_61' title='bbox 277 1371 306 1416; x_wconf 90' lang='lat' dir='ltr'>ut</span> <span class='ocrx_word' id='word_1_62' title='bbox 323 1365 457 1431; x_wconf 83' lang='lat' dir='ltr'>fugiendae</span> <span class='ocrx_word' id='word_1_63' title='bbox 474 1371 523 1418; x_wconf 90' lang='lat' dir='ltr'>sint</span> <span class='ocrx_word' id='word_1_64' title='bbox 536 1369 633 1418; x_wconf 87' lang='lat' dir='ltr'>omnino</span> <span class='ocrx_word' id='word_1_65' title='bbox 651 1366 757 1418; x_wconf 84' lang='lat' dir='ltr'>scholae.</span> 
     </span>
     <span class='ocr_line' id='line_1_13' title="bbox 482 1455 866 1518; baseline -0.008 -10"><span class='ocrx_word' id='word_1_66' title='bbox 482 1455 866 1518; x_wconf 72' lang='lat' dir='ltr'>ann.1nst.0mt.1‚r,1e,is.</span> 
     </span>
    </p>
   </div>
   <div class='ocr_carea' id='block_1_7' title="bbox 279 1601 792 1644">
    <p class='ocr_par' dir='ltr' id='par_1_7' title="bbox 279 1601 792 1644">
     <span class='ocr_line' id='line_1_14' title="bbox 279 1601 792 1644; baseline -0.008 -7"><span class='ocrx_word' id='word_1_67' title='bbox 279 1602 367 1644; x_wconf 78' lang='lat' dir='ltr'>optimi</span> <span class='ocrx_word' id='word_1_68' title='bbox 379 1602 404 1636; x_wconf 89' lang='lat' dir='ltr'>in</span> <span class='ocrx_word' id='word_1_69' title='bbox 416 1602 502 1636; x_wconf 75' lang='lat' dir='ltr'>soholis</span> <span class='ocrx_word' id='word_1_70' title='bbox 514 1601 606 1642; x_wconf 73' lang='lat' dir='ltr'>publici</span> <span class='ocrx_word' id='word_1_71' title='bbox 618 1601 792 1642; x_wconf 71' lang='lat' dir='ltr'>praeceptores.</span> 
     </span>
    </p>
   </div>
   <div class='ocr_carea' id='block_1_8' title="bbox 139 1682 936 1840">
    <p class='ocr_par' dir='ltr' id='par_1_8' title="bbox 139 1682 936 1840">
     <span class='ocr_line' id='line_1_15' title="bbox 175 1682 936 1750; baseline -0.005 -14"><span class='ocrx_word' id='word_1_72' title='bbox 175 1683 289 1750; x_wconf 84' lang='lat' dir='ltr'>Optimus</span> <span class='ocrx_word' id='word_1_73' title='bbox 307 1687 412 1750; x_wconf 87' lang='lat' dir='ltr'>quisque</span> <span class='ocrx_word' id='word_1_74' title='bbox 428 1691 573 1750; x_wconf 82' lang='lat' dir='ltr'>praeceptor</span> <span class='ocrx_word' id='word_1_75' title='bbox 590 1683 730 1749; x_wconf 83' lang='lat' dir='ltr'>frequentia</span> <span class='ocrx_word' id='word_1_76' title='bbox 742 1682 833 1748; x_wconf 84' lang='lat' dir='ltr'>gaudet</span> <span class='ocrx_word' id='word_1_77' title='bbox 844 1696 936 1733; x_wconf 87' lang='lat' dir='ltr'>aema-</span> 
     </span>
     <span class='ocr_line' id='line_1_16' title="bbox 139 1772 934 1840; baseline -0.005 -14"><span class='ocrx_word' id='word_1_78' title='bbox 139 1777 191 1826; x_wconf 84' lang='lat' dir='ltr'>iere</span> <span class='ocrx_word' id='word_1_79' title='bbox 202 1791 229 1826; x_wconf 86' lang='lat' dir='ltr'>se</span> <span class='ocrx_word' id='word_1_80' title='bbox 238 1775 334 1826; x_wconf 82' lang='lat' dir='ltr'>theatro</span> <span class='ocrx_word' id='word_1_81' title='bbox 345 1775 447 1840; x_wconf 87' lang='lat' dir='ltr'>dignum</span> <span class='ocrx_word' id='word_1_82' title='bbox 456 1780 534 1840; x_wconf 90' lang='lat' dir='ltr'>putat.</span> <span class='ocrx_word' id='word_1_83' title='bbox 565 1774 648 1835; x_wconf 80' lang='lat' dir='ltr'>Qnrsr.</span> <span class='ocrx_word' id='word_1_84' title='bbox 656 1775 715 1826; x_wconf 82' lang='lat' dir='ltr'>inst.</span> <span class='ocrx_word' id='word_1_85' title='bbox 722 1772 790 1825; x_wconf 84' lang='lat' dir='ltr'>Orat.</span> <span class='ocrx_word' id='word_1_86' title='bbox 799 1777 821 1831; x_wconf 85' lang='lat'>1,</span> <span class='ocrx_word' id='word_1_87' title='bbox 830 1776 852 1832; x_wconf 78' lang='lat'>2,</span> <span class='ocrx_word' id='word_1_88' title='bbox 862 1777 884 1832; x_wconf 86' lang='grc'>9,</span> <span class='ocrx_word' id='word_1_89' title='bbox 893 1775 934 1823; x_wconf 75' lang='lat' dir='ltr'>ir.</span> 
     </span>
    </p>
   </div>
   <div class='ocr_carea' id='block_1_9' title="bbox 318 1901 760 1944">
    <p class='ocr_par' dir='ltr' id='par_1_9' title="bbox 318 1901 760 1944">
     <span class='ocr_line' id='line_1_17' title="bbox 318 1901 760 1944; baseline -0.005 -8"><span class='ocrx_word' id='word_1_90' title='bbox 318 1901 382 1936; x_wconf 74' lang='lat' dir='ltr'>Unus</span> <span class='ocrx_word' id='word_1_91' title='bbox 394 1903 534 1943; x_wconf 74' lang='lat' dir='ltr'>praeceptor</span> <span class='ocrx_word' id='word_1_92' title='bbox 545 1901 653 1944; x_wconf 76' lang='lat' dir='ltr'>pluribus</span> <span class='ocrx_word' id='word_1_93' title='bbox 665 1901 760 1938; x_wconf 75' lang='lat' dir='ltr'>nuissoii.</span> 
     </span>
    </p>
   </div>
   <div class='ocr_carea' id='block_1_10' title="bbox 138 1984 937 2414">
    <p class='ocr_par' dir='ltr' id='par_1_10' title="bbox 138 1984 937 2414">
     <span class='ocr_line' id='line_1_18' title="bbox 174 1984 936 2052; baseline -0.003 -14"><span class='ocrx_word' id='word_1_94' title='bbox 174 1987 297 2052; x_wconf 87' lang='lat' dir='ltr'>Pleraque</span> <span class='ocrx_word' id='word_1_95' title='bbox 314 1987 379 2036; x_wconf 88' lang='lat' dir='ltr'>hane</span> <span class='ocrx_word' id='word_1_96' title='bbox 395 1987 564 2037; x_wconf 79' lang='lat' dir='ltr'>condicionem</span> <span class='ocrx_word' id='word_1_97' title='bbox 584 1984 688 2044; x_wconf 82' lang='lat' dir='ltr'>habent,</span> <span class='ocrx_word' id='word_1_98' title='bbox 718 1991 747 2036; x_wconf 94' lang='lat' dir='ltr'>ut</span> <span class='ocrx_word' id='word_1_99' title='bbox 765 1985 850 2036; x_wconf 86' lang='lat' dir='ltr'>eadem</span> <span class='ocrx_word' id='word_1_100' title='bbox 877 2000 936 2036; x_wconf 82' lang='lat' dir='ltr'>voee</span> 
     </span>
     <span class='ocr_line' id='line_1_19' title="bbox 140 2075 937 2142; baseline 0.001 -15"><span class='ocrx_word' id='word_1_101' title='bbox 140 2078 173 2127; x_wconf 98' lang='lat' dir='ltr'>ad</span> <span class='ocrx_word' id='word_1_102' title='bbox 190 2093 273 2128; x_wconf 89' lang='lat' dir='ltr'>omnes</span> <span class='ocrx_word' id='word_1_103' title='bbox 291 2076 365 2128; x_wconf 88' lang='lat' dir='ltr'>simul</span> <span class='ocrx_word' id='word_1_104' title='bbox 382 2075 538 2142; x_wconf 79' lang='lat' dir='ltr'>perferantur</span> <span class='ocrx_word' id='word_1_105' title='bbox 539 2113 647 2126; x_wconf 91' lang='grc'><strong>.....</strong></span> <span class='ocrx_word' id='word_1_106' title='bbox 666 2077 721 2126; x_wconf 86' lang='lat' dir='ltr'>Non</span> <span class='ocrx_word' id='word_1_107' title='bbox 739 2090 787 2126; x_wconf 82' lang='lat' dir='ltr'>vox</span> <span class='ocrx_word' id='word_1_108' title='bbox 803 2075 850 2126; x_wconf 84' lang='lat' dir='ltr'>illa</span> <span class='ocrx_word' id='word_1_109' title='bbox 864 2090 937 2140; x_wconf 86' lang='lat' dir='ltr'>prae·</span> 
     </span>
     <span class='ocr_line' id='line_1_20' title="bbox 139 2165 935 2234; baseline -0.003 -14"><span class='ocrx_word' id='word_1_110' title='bbox 139 2171 253 2234; x_wconf 77' lang='lat' dir='ltr'>ceptoris,</span> <span class='ocrx_word' id='word_1_111' title='bbox 273 2174 301 2218; x_wconf 95' lang='lat' dir='ltr'>ut</span> <span class='ocrx_word' id='word_1_112' title='bbox 319 2183 393 2226; x_wconf 84' lang='lat' dir='ltr'>cena,</span> <span class='ocrx_word' id='word_1_113' title='bbox 413 2168 494 2217; x_wconf 88' lang='lat' dir='ltr'>minus</span> <span class='ocrx_word' id='word_1_114' title='bbox 513 2166 627 2231; x_wconf 79' lang='lat' dir='ltr'>pluribus</span> <span class='ocrx_word' id='word_1_115' title='bbox 645 2165 750 2224; x_wconf 83' lang='lat' dir='ltr'>sufficit,</span> <span class='ocrx_word' id='word_1_116' title='bbox 769 2166 826 2226; x_wconf 79' lang='lat' dir='ltr'>sed,</span> <span class='ocrx_word' id='word_1_117' title='bbox 845 2172 873 2218; x_wconf 90' lang='lat' dir='ltr'>ut</span> <span class='ocrx_word' id='word_1_118' title='bbox 891 2167 935 2224; x_wconf 85' lang='lat' dir='ltr'>sol,</span> 
     </span>
     <span class='ocr_line' id='line_1_21' title="bbox 138 2257 937 2322; baseline 0 -14"><span class='ocrx_word' id='word_1_119' title='bbox 138 2261 261 2310; x_wconf 89' lang='lat' dir='ltr'>universis</span> <span class='ocrx_word' id='word_1_120' title='bbox 281 2257 349 2308; x_wconf 88' lang='lat' dir='ltr'>idem</span> <span class='ocrx_word' id='word_1_121' title='bbox 366 2258 430 2308; x_wconf 85' lang='lat' dir='ltr'>lueis</span> <span class='ocrx_word' id='word_1_122' title='bbox 449 2258 588 2322; x_wconf 83' lang='lat' dir='ltr'>calorisque</span> <span class='ocrx_word' id='word_1_123' title='bbox 599 2257 704 2322; x_wconf 87' lang='lat' dir='ltr'>largitur</span> <span class='ocrx_word' id='word_1_124' title='bbox 704 2295 812 2307; x_wconf 92' lang='grc'>.....</span> <span class='ocrx_word' id='word_1_125' title='bbox 832 2257 880 2308; x_wconf 83' lang='lat' dir='ltr'>Tot</span> <span class='ocrx_word' id='word_1_126' title='bbox 891 2257 937 2308; x_wconf 87' lang='lat' dir='ltr'>iila</span> 
     </span>
     <span class='ocr_line' id='line_1_22' title="bbox 139 2345 900 2414; baseline -0.004 -14"><span class='ocrx_word' id='word_1_127' title='bbox 139 2349 243 2407; x_wconf 78' lang='lat' dir='ltr'>dissent,</span> <span class='ocrx_word' id='word_1_128' title='bbox 264 2353 324 2414; x_wconf 85' lang='lat' dir='ltr'>quet</span> <span class='ocrx_word' id='word_1_129' title='bbox 343 2348 453 2399; x_wconf 85' lang='lat' dir='ltr'>audient.</span> <span class='ocrx_word' id='word_1_130' title='bbox 514 2347 665 2408; x_wconf 71' lang='lat' dir='ltr'>Qurnrinst.</span> <span class='ocrx_word' id='word_1_131' title='bbox 674 2345 900 2409; x_wconf 78' lang='lat' dir='ltr'>Orat.1,2‚14,28.</span> 
     </span>
    </p>
   </div>
   <div class='ocr_carea' id='block_1_11' title="bbox 193 2494 878 2538">
    <p class='ocr_par' dir='ltr' id='par_1_11' title="bbox 193 2494 878 2538">
     <span class='ocr_line' id='line_1_23' title="bbox 193 2494 878 2538; baseline -0.003 -7"><span class='ocrx_word' id='word_1_132' title='bbox 193 2496 314 2532; x_wconf 73' lang='lat' dir='ltr'>Amicitiae</span> <span class='ocrx_word' id='word_1_133' title='bbox 327 2496 351 2530; x_wconf 82' lang='lat' dir='ltr'>in</span> <span class='ocrx_word' id='word_1_134' title='bbox 363 2496 450 2532; x_wconf 72' lang='lat' dir='ltr'>nonoris</span> <span class='ocrx_word' id='word_1_135' title='bbox 462 2495 565 2538; x_wconf 71' lang='lat' dir='ltr'>publicis</span> <span class='ocrx_word' id='word_1_136' title='bbox 576 2494 701 2538; x_wconf 75' lang='lat' dir='ltr'>iunguntur·</span> <span class='ocrx_word' id='word_1_137' title='bbox 712 2495 878 2531; x_wconf 65' lang='lat' dir='ltr'>motwinus.</span> 
     </span>
    </p>
   </div>
   <div class='ocr_carea' id='block_1_12' title="bbox 139 2578 938 2910">
    <p class='ocr_par' dir='ltr' id='par_1_12' title="bbox 139 2578 938 2910">
     <span class='ocr_line' id='line_1_24' title="bbox 175 2578 937 2644; baseline -0.003 -14"><span class='ocrx_word' id='word_1_138' title='bbox 175 2581 252 2630; x_wconf 85' lang='lat' dir='ltr'>Mitte</span> <span class='ocrx_word' id='word_1_139' title='bbox 270 2581 406 2639; x_wconf 82' lang='lat' dir='ltr'>amicitias,</span> <span class='ocrx_word' id='word_1_140' title='bbox 425 2594 488 2644; x_wconf 87' lang='lat' dir='ltr'>quae</span> <span class='ocrx_word' id='word_1_141' title='bbox 505 2579 536 2628; x_wconf 95' lang='lat' dir='ltr'>ad</span> <span class='ocrx_word' id='word_1_142' title='bbox 555 2582 707 2628; x_wconf 79' lang='lat' dir='ltr'>senectutem</span> <span class='ocrx_word' id='word_1_143' title='bbox 722 2593 802 2642; x_wconf 90' lang='lat' dir='ltr'>usque</span> <span class='ocrx_word' id='word_1_144' title='bbox 825 2578 937 2630; x_wconf 81' lang='lat' dir='ltr'>firmissi—</span> 
     </span>
     <span class='ocr_line' id='line_1_25' title="bbox 139 2667 937 2734; baseline 0 -14"><span class='ocrx_word' id='word_1_145' title='bbox 139 2685 196 2722; x_wconf 86' lang='lat' dir='ltr'>mae</span> <span class='ocrx_word' id='word_1_146' title='bbox 214 2670 302 2721; x_wconf 87' lang='lat' dir='ltr'>durant</span> <span class='ocrx_word' id='word_1_147' title='bbox 321 2671 437 2734; x_wconf 83' lang='lat' dir='ltr'>religiosa</span> <span class='ocrx_word' id='word_1_148' title='bbox 454 2669 561 2734; x_wconf 87' lang='lat' dir='ltr'>quadam</span> <span class='ocrx_word' id='word_1_149' title='bbox 579 2670 725 2720; x_wconf 77' lang='lat' dir='ltr'>necessitate</span> <span class='ocrx_word' id='word_1_150' title='bbox 743 2667 859 2720; x_wconf 86' lang='lat' dir='ltr'>imbutae.</span> <span class='ocrx_word' id='word_1_151' title='bbox 887 2667 937 2720; x_wconf 81' lang='lat' dir='ltr'>Ne·</span> 
     </span>
     <span class='ocr_line' id='line_1_26' title="bbox 140 2758 938 2825; baseline -0.004 -12"><span class='ocrx_word' id='word_1_152' title='bbox 140 2775 189 2825; x_wconf 84' lang='lat' dir='ltr'>que</span> <span class='ocrx_word' id='word_1_153' title='bbox 205 2764 272 2812; x_wconf 91' lang='lat' dir='ltr'>enim</span> <span class='ocrx_word' id='word_1_154' title='bbox 291 2766 329 2813; x_wconf 88' lang='lat' dir='ltr'>est</span> <span class='ocrx_word' id='word_1_155' title='bbox 349 2762 457 2812; x_wconf 85' lang='lat' dir='ltr'>sanetius</span> <span class='ocrx_word' id='word_1_156' title='bbox 476 2761 554 2810; x_wconf 87' lang='lat' dir='ltr'>saeris</span> <span class='ocrx_word' id='word_1_157' title='bbox 573 2759 663 2810; x_wconf 88' lang='lat' dir='ltr'>iisdem</span> <span class='ocrx_word' id='word_1_158' title='bbox 682 2773 755 2824; x_wconf 86' lang='lat' dir='ltr'>quam</span> <span class='ocrx_word' id='word_1_159' title='bbox 773 2758 863 2810; x_wconf 88' lang='lat' dir='ltr'>studiis</span> <span class='ocrx_word' id='word_1_160' title='bbox 888 2759 938 2810; x_wconf 88' lang='lat' dir='ltr'>ini·</span> 
     </span>
     <span class='ocr_line' id='line_1_27' title="bbox 141 2848 867 2910; baseline 0.001 -10"><span class='ocrx_word' id='word_1_161' title='bbox 141 2853 205 2902; x_wconf 83' lang='lat' dir='ltr'>tinri.</span> <span class='ocrx_word' id='word_1_162' title='bbox 484 2848 867 2910; x_wconf 68' lang='lat' dir='ltr'>Qurnndust.Orat.l‚2.20,30.</span> 
     </span>
    </p>
   </div>
   <div class='ocr_carea' id='block_1_13' title="bbox 0 0 1112 3402">
    <p class='ocr_par' dir='ltr' id='par_1_13' title="bbox 0 0 1112 3402">
     <span class='ocr_line' id='line_1_28' title="bbox 0 0 1112 3402; baseline 0 0"><span class='ocrx_word' id='word_1_163' title='bbox 0 0 1112 3402; x_wconf 95' lang='lat' dir='ltr'> </span> 
     </span>
    </p>
   </div>
  </div>
 </body>
</html>
