2212 3406
551 271 626 306 XXXII

189 360 390 426 tenburgensium
409 369 527 412 terrarum
547 361 650 419 incolae,
669 377 698 412 ac
714 361 786 412 multi
804 365 983 426 saepepostea,

189 466 251 516 quos
270 452 312 502 hic
329 452 394 512 ridi,
417 454 453 502 tui
473 451 598 504 revisendi
617 467 692 502 causa
706 444 916 517 peregrinationes
935 451 984 502 Go-

189 543 256 592 thum
279 527 450 608 susceperunt:
475 542 555 608 quid?
574 543 639 608 quod
657 545 700 607 qui
716 543 748 594 de
763 557 789 594 re
807 541 908 608 publica
925 557 983 592 con-

189 633 277 684 sulturi
298 632 446 697 Altenburgi
463 639 516 684 tum
538 633 696 686 versabantur
712 649 744 684 ex
762 632 875 684 omnibus
891 634 984 684 civium

190 724 317 776 ordinibus
341 725 432 776 delecti
454 741 509 776 eum
529 725 575 776 tibi
593 726 733 776 discedenti
751 724 889 776 habuerunt
906 724 984 774 liono-

189 831 254 875 rem‚
279 823 306 867 ut
327 818 408 868 cuncti
436 816 560 868 salutandi
585 833 659 868 causa
677 818 708 868 ad
727 823 751 868 te
768 819 878 868 venirent
897 821 921 866 et
938 829 984 880 pro

188 909 291 958 summis
308 909 357 957 tuis
373 909 399 958 in
418 907 652 972 Altenburgensium
669 915 759 958 terram
777 911 893 973 civesque
910 908 985 958 meri-

190 1000 222 1048 tis
239 997 285 1048 tibi
304 997 404 1063 publice
422 1001 513 1062 gratias
533 1005 639 1063 agerent.

226 1088 267 1139 Sic
291 1088 422 1140 honoribus
439 1089 592 1148 cumulatus,
614 1089 657 1140 sed
678 1103 778 1154 corpore
795 1088 939 1140 debilitatus
957 1090 985 1139 in

190 1181 294 1245 patriam
312 1180 397 1230 urbem
416 1185 440 1229 et
457 1182 483 1230 in
499 1179 582 1230 fratris
602 1179 742 1244 amplerum
759 1179 855 1230 redisti.
883 1179 923 1230 Ex
937 1179 986 1230 hoc

190 1275 299 1336 tempore
321 1286 365 1336 per
388 1270 482 1335 aliquot
500 1286 588 1330 anuos,
611 1273 655 1336 qui
670 1285 742 1335 aegre
760 1269 846 1322 divelli
863 1286 908 1320 nos
924 1269 985 1320 olim

190 1363 258 1427 passi
275 1360 407 1420 fueramur,
424 1363 449 1411 in
469 1361 559 1412 iisdem
577 1361 679 1412 aedibus
696 1364 732 1412 ita
750 1363 900 1412 coniunctim
918 1362 985 1411 vixi·

191 1466 253 1512 mus,
278 1457 306 1502 ut
331 1457 434 1516 uterque
459 1451 491 1502 dc
509 1452 611 1502 alterius
629 1457 693 1503 sorte
709 1451 817 1502 laetandi
839 1454 918 1502 iustas
937 1467 985 1516 pu-

191 1540 256 1592 blice
271 1543 436 1608 privatimque
453 1541 598 1594 haberemus
617 1559 712 1594 causas.

217 1633 391 1684 ¹liotlranorum
415 1638 494 1683 terrae
517 1635 540 1684 is
563 1639 588 1684 et
612 1634 672 1684 olim
694 1633 743 1684 fuit
761 1639 785 1684 et
803 1649 868 1684 nunc
885 1649 984 1699 quoque

191 1729 229 1776 est
248 1729 341 1783 statue,
364 1729 392 1773 ut
408 1722 508 1788 plurimi
522 1724 592 1774 nobis
610 1725 674 1774 hanc
688 1724 815 1776 inrideant
830 1723 982 1776 felicitatem.

190 1815 220 1866 In
239 1829 347 1874 summa,
372 1829 435 1878 quae
452 1829 496 1880 per
512 1817 696 1880 generosissimi
714 1817 789 1866 animi
806 1815 894 1866 ducem
912 1815 984 1866 nobis

191 1904 273 1956 oblata
288 1910 326 1956 est
341 1904 467 1964 libertate,
486 1920 549 1969 quae
567 1910 635 1956 tanta
651 1912 702 1964 ost,
719 1911 747 1956 ut
765 1921 820 1956 cum
837 1908 929 1957 nostris
946 1907 985 1956 iu·

191 1997 285 2048 stitutis
311 2011 359 2046 uon
376 1994 445 2045 aliud
463 1994 606 2046 Germaniae
623 2011 725 2060 regnum
745 1999 825 2061 possit
843 1999 870 2048 in
886 2011 984 2062 compa-

190 2088 308 2138 rationem
328 2089 423 2146 venire,
448 2101 463 2136 a
479 2089 616 2136 temeritate
634 2092 658 2136 et
676 2091 789 2152 proterva
805 2087 906 2137 licentia
922 2086 984 2136 adeo

190 2176 363 2235 abhorremuS,
381 2181 408 2227 ut
430 2178 472 2241 qui
487 2176 602 2228 violentis
622 2191 702 2227 rerum
725 2177 925 2229 conversionibus
945 2175 984 2228 ia-

192 2272 247 2319 veat
265 2267 330 2332 apud
348 2283 392 2317 nos
411 2269 548 2332 reperiatur
565 2283 642 2318 nemo.
678 2269 717 2318 Ea
735 2271 815 2318 estin
833 2267 931 2331 legibus
949 2265 986 2318 l-

190 2357 275 2408 rendis
293 2343 428 2422 sapientia,
447 2359 472 2408 in
489 2357 579 2408 iisdem
600 2359 769 2410 custodiendis
786 2361 936 2417 constantia,
956 2373 986 2408 ea

190 2449 217 2499 in
239 2449 293 2497 iure
320 2446 427 2496 dicundo
448 2446 537 2497 lenitas
556 2453 580 2496 et
599 2462 654 2498 vero
673 2451 747 2498 etiam
764 2451 790 2500 in
809 2464 880 2499 suurn
897 2450 986 2513 cuique

190 2533 320 2586 tribuendo
341 2535 452 2593 iustitia,
470 2549 500 2583 ea
516 2535 541 2584 iu
558 2533 658 2584 tributis
676 2535 826 2600 imperandis
844 2534 986 2595 moderatio,

191 2636 221 2671 ea
238 2635 286 2670 non
306 2621 424 2685 principis
444 2620 537 2679 solum,
553 2620 597 2671 sed
616 2623 658 2685 qui
677 2621 708 2671 ad
726 2624 780 2672 eius
798 2621 938 2686 exemplum
958 2635 985 2671 se

191 2712 337 2770 componunt
374 2721 521 2758 summorum
557 2709 744 2771 magistratuum
773 2709 866 2772 petenti
896 2708 985 2771 cuique

191 2793 285 2844 aditum
309 2792 460 2858 patefaciens
486 2796 602 2852 comitas,
625 2809 654 2844 ea
670 2808 740 2859 porro
758 2793 894 2844 delationes
912 2792 985 2844 facu-

191 2881 294 2930 tantium
317 2883 472 2946 contemptio,
490 2885 525 2940 ut,
545 2886 662 2945 quantum
680 2895 724 2945 por
741 2882 777 2930 rei
794 2879 909 2945 publicae
927 2893 983 2930 con-
