2174 3400
496 281 543 326 151

158 398 246 451 Virtus
261 405 299 450 'et
328 399 445 450 conciliat
476 401 599 449 amicitias
626 403 651 450 et
682 403 816 450 conservat.

602 487 654 540 Orc.
664 489 732 541 Lael.
741 492 781 547 27,
791 492 848 538 100.

158 581 287 632 Virtutum
306 583 416 631 amicitia
432 581 545 632 adiutrix
560 596 575 630 a
592 585 680 630 natura
697 580 756 630 data
786 583 838 638 est,
870 593 918 628 uon

119 673 239 723 vitidrum
256 687 344 722 comes.
662 675 701 720 Id.
714 669 747 720 ib.
759 672 800 726 22,
808 672 849 720 83.

157 762 233 812 Nulla
250 768 287 813 est
305 765 434 813 excusatio
443 764 546 827 peccati,
565 764 586 812 si
596 763 669 812 amici
681 776 755 811 causa
770 759 918 825 peccaveris.

618 851 668 903 Orc.
681 852 749 902 Lael.
759 855 798 909 11,
806 853 847 901 39.

158 941 284 994 Secundas
299 957 339 994 res
357 944 538 1008 splendidiores
556 943 618 994 facit
636 944 747 992 amicitia
764 946 789 992 et
801 939 916 991 adversas

121 1035 231 1098 partiens
252 1037 482 1098 communicansque
500 1035 611 1086 leviores.
683 1037 722 1082 Id.
730 1032 763 1084 ib.
773 1035 796 1090 6,
805 1034 845 1082 22.

156 1123 198 1175 Ad
212 1125 374 1175 conectendas
394 1127 517 1175 amicitias
535 1125 574 1176 vel
592 1126 777 1175 tenacissimum
791 1121 916 1173 vinculum

120 1229 218 1265 morum
236 1214 381 1266 similitudo.
608 1215 677 1264 Pmn.
684 1215 765 1278 Epist.
774 1217 846 1267 did.

157 1304 225 1355 Idem
244 1305 308 1356 velle
324 1311 397 1371 atque
413 1307 478 1356 idem
496 1305 570 1364 nolle,
588 1322 617 1356 aa
636 1305 735 1355 demum
753 1304 824 1353 firma
854 1304 916 1352 ami-

122 1396 181 1446 citia
198 1401 243 1446 est.
623 1393 845 1446 siccescendo.

157 1508 210 1558 Non
228 1513 265 1559 est
284 1508 363 1558 ullum
382 1511 474 1558 certius
484 1509 607 1558 amicitiae
619 1507 751 1564 vinculum,
771 1521 844 1570 quam
858 1520 916 1556 con-

122 1613 209 1649 sensus
234 1603 258 1650 et
282 1601 387 1649 societas
411 1598 568 1649 consiliorum
591 1603 615 1648 et
639 1598 798 1649 voluntatum.

586 1687 637 1740 Orc.
645 1688 781 1754 proPlanc.
791 1689 813 1746 1,
820 1691 844 1737 5.

105 1836 106 1840 Ἰ
156 1779 223 1828 Mihi
246 1779 345 1844 quidem
377 1779 490 1830 ridentur
517 1782 560 1844 qui
585 1779 701 1830 utilitatis
724 1793 799 1830 causa
821 1778 916 1842 fingunt

123 1871 250 1927 amicitias,
263 1869 466 1920 amabilissimum
487 1871 580 1920 nodum
594 1871 717 1920 amicitiae
736 1869 829 1920 tollere.

632 1959 684 2010 Orc.
692 1959 759 2010 Lael.
772 1962 811 2017 14,
819 1962 859 2008 51.

157 2049 299 2124 Amicitiam
318 2065 365 2100 neu
387 2065 431 2114 spe
447 2048 568 2100 mercedis
586 2049 696 2104 adducti,
715 2049 758 2100 sed
777 2049 843 2113 quod
863 2063 914 2100 om-

123 2142 162 2191 nis
180 2143 234 2191 eius
254 2138 350 2191 fructus
369 2141 467 2204 inipso
487 2153 570 2190 amore
587 2141 660 2197 inest,
680 2139 843 2204 expetendam
868 2155 915 2204 pu-

122 2234 208 2281 tamus.
683 2229 844 2289 [athesi.

156 2343 193 2392 Ne
212 2341 272 2407 quid
292 2346 410 2406 expectes
427 2343 527 2399 amicos,
550 2341 614 2405 quod
632 2347 684 2392 tute
701 2357 774 2405 agere
792 2344 894 2407 possies.

125 2431 182 2482 Eun.
190 2431 239 2484 Sat.
247 2431 313 2496 apud
321 2431 393 2482 uam.
401 2433 430 2482 N.
439 2431 470 2482 A.
479 2435 502 2491 2,
510 2435 550 2482 29.
558 2431 670 2495 fragmm.
679 2449 702 2498 p.
714 2437 758 2483 161
769 2432 807 2483 ed.
815 2431 889 2484 Vahl.

156 2523 205 2572 Diu
223 2525 310 2586 cogita,
329 2539 359 2572 an
378 2522 424 2572 tibi
442 2523 532 2588 aliquis
550 2525 576 2572 iu
595 2525 728 2574 amicitiam
756 2521 913 2587 recipiendus

121 2615 159 2664 sit.
637 2613 777 2680 Snn.Epist.
789 2617 813 2672 8,
821 2615 844 2663 2.

153 2703 216 2754 Eam
234 2703 388 2768 diligentiam
406 2703 568 2756 adhibeamus
586 2707 612 2754 in
630 2705 747 2755 amicitiis
771 2717 912 2768 comparau-

121 2793 166 2852 dis,
184 2799 213 2844 ut
229 2809 261 2844 ue
277 2795 376 2858 quando
394 2809 475 2846 amare
494 2797 643 2860 incipiamus
668 2809 737 2853 eum,
768 2809 840 2859 quem
867 2793 914 2844 ali-

122 2885 217 2948 quando
233 2885 315 2936 odisse
332 2887 462 2950 possimus.
614 2884 665 2936 Orc.
674 2885 743 2936 Lael.
755 2889 793 2943 16,
803 2889 843 2936 60.
