2208 3402
575 278 608 327 52

236 396 325 449 Omnia
336 397 446 450 conando
458 399 547 450 docilis
559 398 670 448 sollertia
681 399 764 448 riuoit.
777 397 915 448 ministr.
924 401 947 456 1,
955 401 999 448 95.

236 489 319 540 Multa
331 489 480 555 experiendo
490 489 559 548 iiuut,
580 503 643 555 quae
652 488 770 553 segnibus
782 489 859 538 ardua
875 487 999 540 ridentur.

636 557 794 610 TicinAnn.
805 563 845 618 15,
853 561 894 617 59,
902 562 925 608 3.

236 649 306 701 Nihil
322 654 361 700 θεῖ
378 654 428 700 tam
449 647 553 700 difficile
572 654 597 699 et
616 649 729 710 arduum,
748 649 815 714 quod
829 649 1001 700 nouhumana

200 756 270 792 mens
289 741 371 792 vineat
388 747 413 790 et
431 741 457 790 in
477 738 673 790 familiaritatem
690 739 810 804 perdurat
820 739 927 790 adsidua
944 753 1000 790 me-

199 830 295 882 ditatio.
665 829 759 880 Suude
769 831 807 880 ira
817 833 921 889 2,12,3.

232 920 302 972 Nihil
320 924 366 978 est,
384 919 450 984 quod
468 935 516 970 uon
533 925 659 986 expugnet
675 922 790 986 pertinax
808 935 882 986 opera
904 927 930 972 et
953 923 994 971 in-

198 1015 266 1062 tenta
283 1026 312 1060 ao
330 1010 437 1074 diligens
456 1024 522 1060 aura.
703 1011 757 1061 Suu.
764 1011 845 1076 Epist.
853 1015 893 1070 50,
901 1015 923 1062 6.

230 1101 300 1150 Nihil
327 1105 378 1159 θεῖ,
406 1101 471 1165 quod
501 1106 757 1166 monasteriumque,
786 1103 808 1151 si
834 1117 881 1152 nou
910 1109 994 1167 potest

198 1193 271 1248 vinei,
289 1193 423 1255 mitigetur.
673 1192 742 1240 Pam.
750 1192 829 1256 Epist.
837 1195 861 1251 8,
869 1197 892 1250 4,
900 1197 923 1242 4.

232 1281 363 1332 Adsiduus
382 1298 442 1332 usus
458 1283 502 1332 uui
519 1283 556 1332 rei
574 1281 674 1332 deditus
690 1287 715 1332 et
726 1284 853 1346 ingenium
874 1289 898 1334 et
915 1290 995 1336 artem

201 1386 274 1436 saepe
294 1373 378 1423 vineit.
642 1371 694 1422 Cro.
702 1387 745 1436 pro
755 1373 824 1423 Balla
834 1377 874 1432 20,
882 1378 924 1423 45.

235 1463 360 1526 Frequens
388 1479 417 1513 ao
452 1462 551 1512 mobiiis
579 1465 697 1512 transitus
726 1465 860 1513 maximum
889 1463 997 1530 perfecti

199 1554 281 1618 operis
298 1553 502 1617 impedimentum
522 1557 566 1604 est.
667 1553 810 1603 VniuPar.
821 1559 922 1613 1,17,7.

234 1642 381 1693 Reluotaute
394 1649 481 1692 natura
493 1645 583 1693 imitus
601 1642 670 1693 labor
689 1653 733 1694 est.
752 1643 806 1694 Suu.
814 1645 845 1694 de
852 1650 929 1710 tranq.
938 1649 961 1704 6,
971 1649 995 1697 2.

234 1732 322 1784 Suavis
340 1732 451 1783 laborum
471 1739 509 1783 est
527 1736 713 1797 praeteritorum
733 1737 857 1785 memoria.

431 1801 483 1852 Orc.
491 1803 568 1853 defin.
578 1805 600 1861 2,
609 1806 650 1861 32,
659 1807 707 1853 105
717 1805 829 1855 eGraeco
836 1806 922 1870 Eurip.

232 1891 274 1942 Nil
292 1893 375 1956 agenti
394 1893 448 1943 dies
458 1893 546 1956 longus
565 1899 609 1944 est.
682 1894 920 1959 Snu.Epist.122‚8.

230 1981 366 2046 Diligentia
383 1984 518 2032 maximum
536 1985 611 2033 etiam
637 1984 768 2045 mediocris
791 1987 885 2048 ingenii
910 1985 994 2038 subsi-

197 2071 274 2123 dium.
391 2071 714 2140 Srs.Oontrov.Exoerpt.3
727 2092 750 2140 p.
759 2079 807 2125 391
819 2077 920 2141 ed.Bip.

230 2163 285 2212 Nou
302 2177 402 2227 possum
419 2163 535 2228 equidem
551 2179 600 2214 nou
619 2166 717 2228 ingenio
734 2168 825 2231 primas
849 2168 994 2228 concedere,

196 2253 241 2304 sed
258 2258 339 2304 tamen
354 2254 436 2318 ipsum
454 2256 581 2318 ingenium
603 2254 733 2318 diligentia
757 2258 831 2306 etiam
856 2273 888 2307 ex
914 2258 993 2308 tardi-

195 2347 246 2392 tate
266 2343 360 2392 inoitat.
614 2343 665 2394 Grc.
673 2344 704 2394 de
711 2351 771 2396 orat.
780 2347 803 2404 2,
811 2350 853 2408 35,
863 2351 919 2399 148.

229 2432 276 2482 Εεῖ
293 2446 376 2483 rerum
392 2435 501 2484 omnium
518 2435 636 2497 magister
651 2449 720 2492 usus,
734 2435 860 2486 homiuum
879 2437 993 2490 adhibita

197 2521 314 2574 sollertia.
666 2523 802 2578 Cassboll.
811 2529 856 2578 eir.
865 2530 888 2586 2,
896 2530 919 2578 8,

283 2641 308 2686 3.
322 2640 437 2686 Desidia
449 2643 562 2687 hebetat
575 2646 603 2688 et
617 2645 774 2698 corrumpit
788 2656 902 2698 eorpus.

230 2731 357 2783 Interdum
368 2733 525 2784 continuatus
537 2733 606 2784 labor
617 2735 735 2786 firmiores
745 2735 818 2797 facin
837 2753 910 2803 saepe
928 2753 990 2804 quos

194 2820 264 2872 labor
281 2822 448 2881 roboraverat,
465 2822 563 2874 desidia
580 2827 738 2890 consumpsit.

577 2894 631 2944 Sur.
639 2893 751 2961 Contrp.
761 2899 808 2944 127
819 2896 857 2946 ed.
864 2897 919 2962 Bip.
941 2960 948 2982 ι
