<?xml version="1.0" encoding="UTF-8"?>
<!DOCTYPE html PUBLIC "-//W3C//DTD XHTML 1.0 Transitional//EN"
    "http://www.w3.org/TR/xhtml1/DTD/xhtml1-transitional.dtd">
<html xmlns="http://www.w3.org/1999/xhtml" xml:lang="en" lang="en">
 <head>
  <title>
</title>
<meta http-equiv="Content-Type" content="text/html;charset=utf-8" />
  <meta name='ocr-system' content='tesseract 3.04.00' />
  <meta name='ocr-capabilities' content='ocr_page ocr_carea ocr_par ocr_line ocrx_word'/>
</head>
<body>
  <div class='ocr_page' id='page_1' title='image "./promptuariumsen00seyfgoog_0256.png"; bbox 0 0 2174 3400; ppageno 0'>
   <div class='ocr_carea' id='block_1_1' title="bbox 132 273 912 931">
    <p class='ocr_par' dir='ltr' id='par_1_1' title="bbox 132 273 912 931">
     <span class='ocr_line' id='line_1_1' title="bbox 487 273 537 320; baseline 0.04 -2"><span class='ocrx_word' id='word_1_1' title='bbox 487 273 537 320; x_wconf 80' lang='lat'>209</span> 
     </span>
     <span class='ocr_line' id='line_1_2' title="bbox 861 341 912 388; baseline 0.039 -10"><span class='ocrx_word' id='word_1_2' title='bbox 861 341 912 388; x_wconf 66' lang='lat' dir='ltr'>Pae.</span> 
     </span>
     <span class='ocr_line' id='line_1_3' title="bbox 136 391 843 458; baseline 0 -16"><span class='ocrx_word' id='word_1_3' title='bbox 136 397 176 443; x_wconf 79' lang='lat'>20.</span> <span class='ocrx_word' id='word_1_4' title='bbox 189 394 225 443; x_wconf 89' lang='lat' dir='ltr'>Do</span> <span class='ocrx_word' id='word_1_5' title='bbox 244 393 374 458; x_wconf 85' lang='lat' dir='ltr'>voluptate.</span> <span class='ocrx_word' id='word_1_6' title='bbox 410 394 447 442; x_wconf 88' lang='lat' dir='ltr'>De</span> <span class='ocrx_word' id='word_1_7' title='bbox 467 393 598 443; x_wconf 76' lang='lat' dir='ltr'><strong>inlecebris</strong></span> <span class='ocrx_word' id='word_1_8' title='bbox 623 392 762 457; x_wconf 78' lang='lat' dir='ltr'>uoluptatis.</span> <span class='ocrx_word' id='word_1_9' title='bbox 792 391 843 444; x_wconf 89' lang='lat' dir='ltr'>Vo-</span> 
     </span>
     <span class='ocr_line' id='line_1_4' title="bbox 133 461 844 528; baseline -0.003 -16"><span class='ocrx_word' id='word_1_10' title='bbox 133 464 216 528; x_wconf 87' lang='lat' dir='ltr'>luptas</span> <span class='ocrx_word' id='word_1_11' title='bbox 235 465 283 513; x_wconf 88' lang='lat' dir='ltr'>cito</span> <span class='ocrx_word' id='word_1_12' title='bbox 302 465 396 513; x_wconf 79' lang='lat' dir='ltr'>transit.</span> <span class='ocrx_word' id='word_1_13' title='bbox 418 463 538 528; x_wconf 82' lang='lat' dir='ltr'>Voluptas</span> <span class='ocrx_word' id='word_1_14' title='bbox 557 463 717 528; x_wconf 84' lang='lat' dir='ltr'>plurimorum</span> <span class='ocrx_word' id='word_1_15' title='bbox 726 461 844 512; x_wconf 85' lang='lat' dir='ltr'>maiorum</span> 
     </span>
     <span class='ocr_line' id='line_1_5' title="bbox 135 533 843 598; baseline -0.001 -16"><span class='ocrx_word' id='word_1_16' title='bbox 135 548 216 583; x_wconf 90' lang='lat' dir='ltr'>causa.</span> <span class='ocrx_word' id='word_1_17' title='bbox 244 534 321 582; x_wconf 85' lang='lat' dir='ltr'>Nemo</span> <span class='ocrx_word' id='word_1_18' title='bbox 340 549 386 583; x_wconf 94' lang='lat' dir='ltr'>non</span> <span class='ocrx_word' id='word_1_19' title='bbox 398 533 530 598; x_wconf 74' lang='lat' dir='ltr'>uoluptate</span> <span class='ocrx_word' id='word_1_20' title='bbox 548 533 660 582; x_wconf 88' lang='lat' dir='ltr'>trahitur.</span> <span class='ocrx_word' id='word_1_21' title='bbox 687 533 795 582; x_wconf 81' lang='lat' dir='ltr'>Nitimur</span> <span class='ocrx_word' id='word_1_22' title='bbox 817 533 843 581; x_wconf 93' lang='lat' dir='ltr'>in</span> 
     </span>
     <span class='ocr_line' id='line_1_6' title="bbox 134 600 842 667; baseline -0.003 -15"><span class='ocrx_word' id='word_1_23' title='bbox 134 605 243 652; x_wconf 88' lang='lat' dir='ltr'>vetitum.</span> <span class='ocrx_word' id='word_1_24' title='bbox 265 601 350 652; x_wconf 77' lang='lat' dir='ltr'>timuis</span> <span class='ocrx_word' id='word_1_25' title='bbox 369 617 436 652; x_wconf 89' lang='lat' dir='ltr'>mora</span> <span class='ocrx_word' id='word_1_26' title='bbox 455 602 612 667; x_wconf 89' lang='lat' dir='ltr'>cupientibus</span> <span class='ocrx_word' id='word_1_27' title='bbox 625 604 727 666; x_wconf 81' lang='lat' dir='ltr'>ingrata.</span> <span class='ocrx_word' id='word_1_28' title='bbox 747 600 842 666; x_wconf 92' lang='lat' dir='ltr'>Volup·</span> 
     </span>
     <span class='ocr_line' id='line_1_7' title="bbox 132 671 845 736; baseline -0.004 -14"><span class='ocrx_word' id='word_1_29' title='bbox 132 675 191 722; x_wconf 88' lang='lat' dir='ltr'>tatis</span> <span class='ocrx_word' id='word_1_30' title='bbox 218 675 326 722; x_wconf 79' lang='lat' dir='ltr'>satietas,</span> <span class='ocrx_word' id='word_1_31' title='bbox 353 701 385 708; x_wconf 84' lang='lat'>—-</span> <span class='ocrx_word' id='word_1_32' title='bbox 411 675 450 722; x_wconf 80' lang='lat'>21.</span> <span class='ocrx_word' id='word_1_33' title='bbox 463 673 499 722; x_wconf 91' lang='lat' dir='ltr'>De</span> <span class='ocrx_word' id='word_1_34' title='bbox 518 673 615 736; x_wconf 80' lang='lat' dir='ltr'>gaudio.</span> <span class='ocrx_word' id='word_1_35' title='bbox 691 675 731 722; x_wconf 78' lang='lat'>22.</span> <span class='ocrx_word' id='word_1_36' title='bbox 740 672 776 720; x_wconf 91' lang='lat' dir='ltr'>De</span> <span class='ocrx_word' id='word_1_37' title='bbox 794 671 845 719; x_wconf 92' lang='lat' dir='ltr'>lae-</span> 
     </span>
     <span class='ocr_line' id='line_1_8' title="bbox 134 740 842 792; baseline -0.003 -1"><span class='ocrx_word' id='word_1_38' title='bbox 134 744 196 792; x_wconf 87' lang='lat' dir='ltr'>titia.</span> <span class='ocrx_word' id='word_1_39' title='bbox 223 741 260 791; x_wconf 89' lang='lat' dir='ltr'>De</span> <span class='ocrx_word' id='word_1_40' title='bbox 276 745 337 792; x_wconf 85' lang='lat' dir='ltr'>risu.</span> <span class='ocrx_word' id='word_1_41' title='bbox 363 772 367 776; x_wconf 98' lang='lat'>-</span> <span class='ocrx_word' id='word_1_42' title='bbox 393 743 480 792; x_wconf 80' lang='lat' dir='ltr'>23.De</span> <span class='ocrx_word' id='word_1_43' title='bbox 498 741 632 792; x_wconf 81' lang='lat' dir='ltr'>dolore-</span> <span class='ocrx_word' id='word_1_44' title='bbox 651 742 740 791; x_wconf 75' lang='lat' dir='ltr'>24.De</span> <span class='ocrx_word' id='word_1_45' title='bbox 757 740 842 790; x_wconf 88' lang='lat' dir='ltr'>dolen-</span> 
     </span>
     <span class='ocr_line' id='line_1_9' title="bbox 132 809 843 862; baseline -0.004 -1"><span class='ocrx_word' id='word_1_46' title='bbox 132 813 194 862; x_wconf 64' lang='lat' dir='ltr'>tium,</span> <span class='ocrx_word' id='word_1_47' title='bbox 212 811 329 861; x_wconf 79' lang='lat' dir='ltr'>lacrimis.</span> <span class='ocrx_word' id='word_1_48' title='bbox 341 839 373 848; x_wconf 90' lang='grc'>--</span> <span class='ocrx_word' id='word_1_49' title='bbox 393 815 433 862; x_wconf 77' lang='grc'>25.</span> <span class='ocrx_word' id='word_1_50' title='bbox 448 813 484 861; x_wconf 87' lang='lat' dir='ltr'>Do</span> <span class='ocrx_word' id='word_1_51' title='bbox 503 814 612 861; x_wconf 86' lang='lat' dir='ltr'>tristitia.</span> <span class='ocrx_word' id='word_1_52' title='bbox 626 840 658 848; x_wconf 90' lang='lat'>-—</span> <span class='ocrx_word' id='word_1_53' title='bbox 673 813 757 861; x_wconf 73' lang='lat' dir='ltr'>acne</span> <span class='ocrx_word' id='word_1_54' title='bbox 774 809 843 860; x_wconf 84' lang='lat' dir='ltr'>solii-</span> 
     </span>
     <span class='ocr_line' id='line_1_10' title="bbox 135 880 842 931; baseline -0.001 -1"><span class='ocrx_word' id='word_1_55' title='bbox 135 880 251 930; x_wconf 89' lang='lat' dir='ltr'>citudiue.</span> <span class='ocrx_word' id='word_1_56' title='bbox 315 885 355 930; x_wconf 76' lang='lat'>27.</span> <span class='ocrx_word' id='word_1_57' title='bbox 369 881 405 930; x_wconf 89' lang='lat' dir='ltr'>Do</span> <span class='ocrx_word' id='word_1_58' title='bbox 425 887 491 930; x_wconf 88' lang='lat' dir='ltr'>motu</span> <span class='ocrx_word' id='word_1_59' title='bbox 511 887 535 931; x_wconf 96' lang='lat' dir='ltr'>et</span> <span class='ocrx_word' id='word_1_60' title='bbox 550 883 643 930; x_wconf 89' lang='lat' dir='ltr'>timore.</span> <span class='ocrx_word' id='word_1_61' title='bbox 655 909 687 918; x_wconf 91' lang='lat'><em>-</em></span> <span class='ocrx_word' id='word_1_62' title='bbox 701 881 787 930; x_wconf 67' lang='lat' dir='ltr'>salic</span> <span class='ocrx_word' id='word_1_63' title='bbox 799 882 842 929; x_wconf 90' lang='lat' dir='ltr'>ira.</span> 
     </span>
    </p>
   </div>
   <div class='ocr_carea' id='block_1_2' title="bbox 118 1027 912 1168">
    <p class='ocr_par' dir='ltr' id='par_1_2' title="bbox 118 1027 912 1168">
     <span class='ocr_line' id='line_1_11' title="bbox 494 1027 526 1077; baseline 0.031 -1"><span class='ocrx_word' id='word_1_64' title='bbox 494 1027 526 1077; x_wconf 92' lang='lat' dir='ltr'>II.</span> 
     </span>
     <span class='ocr_line' id='line_1_12' title="bbox 118 1115 912 1168; baseline 0.003 -4"><span class='ocrx_word' id='word_1_65' title='bbox 118 1115 155 1164; x_wconf 87' lang='lat' dir='ltr'>De</span> <span class='ocrx_word' id='word_1_66' title='bbox 176 1123 257 1166; x_wconf 85' lang='lat' dir='ltr'>mente</span> <span class='ocrx_word' id='word_1_67' title='bbox 277 1122 301 1166; x_wconf 89' lang='lat' dir='ltr'>et</span> <span class='ocrx_word' id='word_1_68' title='bbox 317 1119 410 1167; x_wconf 87' lang='lat' dir='ltr'>ratione</span> <span class='ocrx_word' id='word_1_69' title='bbox 446 1155 841 1168; x_wconf 91' lang='grc'>..........</span> <span class='ocrx_word' id='word_1_70' title='bbox 880 1120 912 1166; x_wconf 83' lang='grc'>75</span> 
     </span>
    </p>
   </div>
   <div class='ocr_carea' id='block_1_3' title="bbox 134 1205 844 2092">
    <p class='ocr_par' dir='ltr' id='par_1_3' title="bbox 134 1205 844 2092">
     <span class='ocr_line' id='line_1_13' title="bbox 154 1205 844 1264; baseline 0 -9"><span class='ocrx_word' id='word_1_71' title='bbox 154 1210 175 1256; x_wconf 93' lang='grc'>1.</span> <span class='ocrx_word' id='word_1_72' title='bbox 192 1205 256 1264; x_wconf 82' lang='lat' dir='ltr'>Quid</span> <span class='ocrx_word' id='word_1_73' title='bbox 280 1209 399 1257; x_wconf 83' lang='lat' dir='ltr'>sit&#39;mens</span> <span class='ocrx_word' id='word_1_74' title='bbox 424 1212 448 1258; x_wconf 93' lang='lat' dir='ltr'>et</span> <span class='ocrx_word' id='word_1_75' title='bbox 474 1210 543 1258; x_wconf 89' lang='lat' dir='ltr'>ratio.</span> <span class='ocrx_word' id='word_1_76' title='bbox 565 1235 597 1244; x_wconf 93' lang='lat'><em>-</em></span> <span class='ocrx_word' id='word_1_77' title='bbox 623 1208 694 1258; x_wconf 78' lang='lat' dir='ltr'>2.De</span> <span class='ocrx_word' id='word_1_78' title='bbox 711 1209 801 1256; x_wconf 89' lang='lat' dir='ltr'>mentis</span> <span class='ocrx_word' id='word_1_79' title='bbox 820 1212 844 1256; x_wconf 84' lang='lat' dir='ltr'>et</span> 
     </span>
     <span class='ocr_line' id='line_1_14' title="bbox 134 1275 842 1342; baseline 0.004 -19"><span class='ocrx_word' id='word_1_80' title='bbox 134 1277 236 1326; x_wconf 87' lang='lat' dir='ltr'>rationis</span> <span class='ocrx_word' id='word_1_81' title='bbox 253 1279 409 1341; x_wconf 85' lang='lat' dir='ltr'>praestantia.</span> <span class='ocrx_word' id='word_1_82' title='bbox 423 1305 454 1314; x_wconf 84' lang='lat'>-</span> <span class='ocrx_word' id='word_1_83' title='bbox 474 1282 497 1328; x_wconf 84' lang='lat'>3.</span> <span class='ocrx_word' id='word_1_84' title='bbox 511 1279 547 1327; x_wconf 88' lang='lat' dir='ltr'>De</span> <span class='ocrx_word' id='word_1_85' title='bbox 558 1278 599 1335; x_wconf 81' lang='lat' dir='ltr'>iis,</span> <span class='ocrx_word' id='word_1_86' title='bbox 617 1293 680 1342; x_wconf 88' lang='lat' dir='ltr'>quae</span> <span class='ocrx_word' id='word_1_87' title='bbox 697 1275 842 1340; x_wconf 79' lang='lat' dir='ltr'>inteliegen-</span> 
     </span>
     <span class='ocr_line' id='line_1_15' title="bbox 135 1344 842 1412; baseline 0.001 -18"><span class='ocrx_word' id='word_1_88' title='bbox 135 1347 184 1394; x_wconf 87' lang='lat' dir='ltr'>tiae</span> <span class='ocrx_word' id='word_1_89' title='bbox 204 1344 321 1396; x_wconf 83' lang='lat' dir='ltr'>officiunt.</span> <span class='ocrx_word' id='word_1_90' title='bbox 347 1347 426 1397; x_wconf 86' lang='lat' dir='ltr'>Homo</span> <span class='ocrx_word' id='word_1_91' title='bbox 445 1349 546 1411; x_wconf 78' lang='lat' dir='ltr'>ignarus</span> <span class='ocrx_word' id='word_1_92' title='bbox 567 1346 644 1397; x_wconf 82' lang='lat' dir='ltr'>futuri</span> <span class='ocrx_word' id='word_1_93' title='bbox 663 1349 788 1412; x_wconf 86' lang='lat' dir='ltr'>temporis.</span> <span class='ocrx_word' id='word_1_94' title='bbox 808 1374 842 1382; x_wconf 97' lang='lat'><strong>—</strong></span> 
     </span>
     <span class='ocr_line' id='line_1_16' title="bbox 134 1415 842 1481; baseline 0.001 -18"><span class='ocrx_word' id='word_1_95' title='bbox 134 1419 158 1464; x_wconf 82' lang='lat'>4.</span> <span class='ocrx_word' id='word_1_96' title='bbox 170 1415 208 1464; x_wconf 89' lang='lat' dir='ltr'>De</span> <span class='ocrx_word' id='word_1_97' title='bbox 227 1416 393 1481; x_wconf 75' lang='lat' dir='ltr'>investigandi</span> <span class='ocrx_word' id='word_1_98' title='bbox 405 1416 521 1467; x_wconf 88' lang='lat' dir='ltr'>sollertia.</span> <span class='ocrx_word' id='word_1_99' title='bbox 538 1445 571 1454; x_wconf 80' lang='lat'>-</span> <span class='ocrx_word' id='word_1_100' title='bbox 593 1422 615 1466; x_wconf 85' lang='lat'>5.</span> <span class='ocrx_word' id='word_1_101' title='bbox 630 1418 667 1466; x_wconf 87' lang='lat' dir='ltr'>De</span> <span class='ocrx_word' id='word_1_102' title='bbox 677 1419 779 1467; x_wconf 86' lang='lat' dir='ltr'>veritate</span> <span class='ocrx_word' id='word_1_103' title='bbox 791 1418 842 1466; x_wconf 87' lang='lat' dir='ltr'>sire</span> 
     </span>
     <span class='ocr_line' id='line_1_17' title="bbox 134 1485 842 1551; baseline -0.001 -17"><span class='ocrx_word' id='word_1_104' title='bbox 134 1485 166 1534; x_wconf 90' lang='lat' dir='ltr'>de</span> <span class='ocrx_word' id='word_1_105' title='bbox 186 1501 222 1544; x_wconf 82' lang='lat' dir='ltr'>eo,</span> <span class='ocrx_word' id='word_1_106' title='bbox 241 1487 307 1549; x_wconf 88' lang='lat' dir='ltr'>quod</span> <span class='ocrx_word' id='word_1_107' title='bbox 324 1501 407 1536; x_wconf 85' lang='lat' dir='ltr'>verum</span> <span class='ocrx_word' id='word_1_108' title='bbox 427 1493 471 1537; x_wconf 86' lang='lat' dir='ltr'>est.</span> <span class='ocrx_word' id='word_1_109' title='bbox 494 1515 525 1522; x_wconf 87' lang='lat'>-—</span> <span class='ocrx_word' id='word_1_110' title='bbox 555 1492 577 1537; x_wconf 86' lang='lat'>6.</span> <span class='ocrx_word' id='word_1_111' title='bbox 593 1487 629 1536; x_wconf 91' lang='lat' dir='ltr'>De</span> <span class='ocrx_word' id='word_1_112' title='bbox 652 1488 779 1551; x_wconf 86' lang='lat' dir='ltr'>sapientia.</span> <span class='ocrx_word' id='word_1_113' title='bbox 806 1486 842 1534; x_wconf 88' lang='lat' dir='ltr'>De</span> 
     </span>
     <span class='ocr_line' id='line_1_18' title="bbox 134 1554 843 1622; baseline 0 -18"><span class='ocrx_word' id='word_1_114' title='bbox 134 1554 272 1620; x_wconf 89' lang='lat' dir='ltr'>prudentia.</span> <span class='ocrx_word' id='word_1_115' title='bbox 284 1583 315 1592; x_wconf 93' lang='lat'><em>-</em></span> <span class='ocrx_word' id='word_1_116' title='bbox 337 1560 359 1606; x_wconf 80' lang='grc'>7.</span> <span class='ocrx_word' id='word_1_117' title='bbox 371 1557 407 1605; x_wconf 86' lang='lat' dir='ltr'>De</span> <span class='ocrx_word' id='word_1_118' title='bbox 428 1557 540 1607; x_wconf 87' lang='lat' dir='ltr'>consiliis</span> <span class='ocrx_word' id='word_1_119' title='bbox 559 1556 694 1622; x_wconf 87' lang='lat' dir='ltr'>capiendis.</span> <span class='ocrx_word' id='word_1_120' title='bbox 724 1556 761 1604; x_wconf 88' lang='lat' dir='ltr'>De</span> <span class='ocrx_word' id='word_1_121' title='bbox 780 1554 843 1604; x_wconf 89' lang='lat' dir='ltr'>deli-</span> 
     </span>
     <span class='ocr_line' id='line_1_19' title="bbox 134 1623 840 1691; baseline 0 -17"><span class='ocrx_word' id='word_1_122' title='bbox 134 1623 266 1674; x_wconf 88' lang='lat' dir='ltr'>beratione.</span> <span class='ocrx_word' id='word_1_123' title='bbox 284 1655 317 1662; x_wconf 92' lang='lat'><em>-</em></span> <span class='ocrx_word' id='word_1_124' title='bbox 344 1629 366 1675; x_wconf 87' lang='grc'>8.</span> <span class='ocrx_word' id='word_1_125' title='bbox 383 1626 445 1676; x_wconf 84' lang='lat' dir='ltr'>Suae</span> <span class='ocrx_word' id='word_1_126' title='bbox 470 1629 559 1691; x_wconf 87' lang='lat' dir='ltr'>cuique</span> <span class='ocrx_word' id='word_1_127' title='bbox 581 1629 644 1676; x_wconf 89' lang='lat' dir='ltr'>vires</span> <span class='ocrx_word' id='word_1_128' title='bbox 663 1624 840 1689; x_wconf 86' lang='lat' dir='ltr'>respiciendae.</span> 
     </span>
     <span class='ocr_line' id='line_1_20' title="bbox 135 1693 841 1760; baseline -0.003 -16"><span class='ocrx_word' id='word_1_129' title='bbox 135 1722 166 1731; x_wconf 89' lang='lat'>-</span> <span class='ocrx_word' id='word_1_130' title='bbox 182 1697 204 1744; x_wconf 85' lang='lat'>9.</span> <span class='ocrx_word' id='word_1_131' title='bbox 213 1694 338 1745; x_wconf 80' lang='lat' dir='ltr'>Consultis</span> <span class='ocrx_word' id='word_1_132' title='bbox 351 1694 417 1745; x_wconf 85' lang='lat' dir='ltr'>faeta</span> <span class='ocrx_word' id='word_1_133' title='bbox 428 1695 605 1760; x_wconf 83' lang='lat' dir='ltr'>coniungenda.</span> <span class='ocrx_word' id='word_1_134' title='bbox 626 1693 761 1744; x_wconf 78' lang='lat' dir='ltr'>Occasione</span> <span class='ocrx_word' id='word_1_135' title='bbox 771 1699 841 1743; x_wconf 90' lang='lat' dir='ltr'>uton-</span> 
     </span>
     <span class='ocr_line' id='line_1_21' title="bbox 135 1763 841 1829; baseline -0.001 -17"><span class='ocrx_word' id='word_1_136' title='bbox 135 1763 201 1814; x_wconf 87' lang='lat' dir='ltr'>dum.</span> <span class='ocrx_word' id='word_1_137' title='bbox 216 1793 242 1800; x_wconf 90' lang='lat'><em>-</em></span> <span class='ocrx_word' id='word_1_138' title='bbox 266 1769 305 1814; x_wconf 87' lang='lat'>10.</span> <span class='ocrx_word' id='word_1_139' title='bbox 317 1765 445 1829; x_wconf 86' lang='lat' dir='ltr'>Principia</span> <span class='ocrx_word' id='word_1_140' title='bbox 463 1768 570 1814; x_wconf 90' lang='lat' dir='ltr'>omnium</span> <span class='ocrx_word' id='word_1_141' title='bbox 589 1779 669 1814; x_wconf 89' lang='lat' dir='ltr'>rerum</span> <span class='ocrx_word' id='word_1_142' title='bbox 684 1765 786 1813; x_wconf 89' lang='lat' dir='ltr'>minime</span> <span class='ocrx_word' id='word_1_143' title='bbox 798 1779 841 1812; x_wconf 89' lang='lat' dir='ltr'>ne-</span> 
     </span>
     <span class='ocr_line' id='line_1_22' title="bbox 135 1833 841 1898; baseline 0 -17"><span class='ocrx_word' id='word_1_144' title='bbox 135 1833 263 1898; x_wconf 78' lang='lat' dir='ltr'>giegenda.</span> <span class='ocrx_word' id='word_1_145' title='bbox 281 1862 308 1870; x_wconf 85' lang='lat'>-—</span> <span class='ocrx_word' id='word_1_146' title='bbox 333 1839 371 1883; x_wconf 90' lang='lat' dir='ltr'>ll.</span> <span class='ocrx_word' id='word_1_147' title='bbox 385 1835 421 1883; x_wconf 84' lang='lat' dir='ltr'>De</span> <span class='ocrx_word' id='word_1_148' title='bbox 439 1833 597 1885; x_wconf 84' lang='lat' dir='ltr'>festinatione</span> <span class='ocrx_word' id='word_1_149' title='bbox 608 1839 632 1883; x_wconf 88' lang='lat' dir='ltr'>et</span> <span class='ocrx_word' id='word_1_150' title='bbox 641 1835 785 1884; x_wconf 88' lang='lat' dir='ltr'>temeritate.</span> <span class='ocrx_word' id='word_1_151' title='bbox 804 1833 841 1881; x_wconf 90' lang='lat' dir='ltr'>De</span> 
     </span>
     <span class='ocr_line' id='line_1_23' title="bbox 134 1901 841 1968; baseline 0.001 -16"><span class='ocrx_word' id='word_1_152' title='bbox 134 1901 250 1954; x_wconf 82' lang='lat' dir='ltr'>tarditate</span> <span class='ocrx_word' id='word_1_153' title='bbox 275 1913 299 1953; x_wconf 85' lang='lat' dir='ltr'>ot</span> <span class='ocrx_word' id='word_1_154' title='bbox 321 1906 545 1968; x_wconf 85' lang='lat' dir='ltr'>procrastinatione.</span> <span class='ocrx_word' id='word_1_155' title='bbox 560 1933 588 1940; x_wconf 87' lang='lat'>-—</span> <span class='ocrx_word' id='word_1_156' title='bbox 619 1907 657 1952; x_wconf 81' lang='lat'>12.</span> <span class='ocrx_word' id='word_1_157' title='bbox 672 1903 708 1952; x_wconf 85' lang='lat' dir='ltr'>Do</span> <span class='ocrx_word' id='word_1_158' title='bbox 731 1902 841 1952; x_wconf 84' lang='lat' dir='ltr'>consiliis</span> 
     </span>
     <span class='ocr_line' id='line_1_24' title="bbox 136 1971 843 2024; baseline 0.001 -3"><span class='ocrx_word' id='word_1_159' title='bbox 136 1987 183 2022; x_wconf 88' lang='lat' dir='ltr'>non</span> <span class='ocrx_word' id='word_1_160' title='bbox 202 1989 233 2022; x_wconf 82' lang='lat' dir='ltr'>ex</span> <span class='ocrx_word' id='word_1_161' title='bbox 251 1978 338 2023; x_wconf 81' lang='lat' dir='ltr'>overttu</span> <span class='ocrx_word' id='word_1_162' title='bbox 360 1973 527 2024; x_wconf 87' lang='lat' dir='ltr'>iudicandum.</span> <span class='ocrx_word' id='word_1_163' title='bbox 542 2001 574 2010; x_wconf 88' lang='lat'>—</span> <span class='ocrx_word' id='word_1_164' title='bbox 599 1978 638 2022; x_wconf 85' lang='lat'>13.</span> <span class='ocrx_word' id='word_1_165' title='bbox 649 1973 686 2022; x_wconf 85' lang='lat' dir='ltr'>De</span> <span class='ocrx_word' id='word_1_166' title='bbox 704 1971 843 2022; x_wconf 76' lang='lat' dir='ltr'>stultitiast</span> 
     </span>
     <span class='ocr_line' id='line_1_25' title="bbox 135 2055 221 2092; baseline 0.012 -1"><span class='ocrx_word' id='word_1_167' title='bbox 135 2055 221 2092; x_wconf 86' lang='lat' dir='ltr'>errore.</span> 
     </span>
    </p>
   </div>
   <div class='ocr_carea' id='block_1_4' title="bbox 489 2133 536 2184">
    <p class='ocr_par' dir='ltr' id='par_1_4' title="bbox 489 2133 536 2184">
     <span class='ocr_line' id='line_1_26' title="bbox 489 2133 536 2184; baseline 0.043 -2"><span class='ocrx_word' id='word_1_168' title='bbox 489 2133 536 2184; x_wconf 92' lang='grc' dir='ltr'><strong>ΙΙΙ.</strong></span> 
     </span>
    </p>
   </div>
   <div class='ocr_carea' id='block_1_5' title="bbox 117 2222 842 2933">
    <p class='ocr_par' dir='ltr' id='par_1_5' title="bbox 117 2222 842 2933">
     <span class='ocr_line' id='line_1_27' title="bbox 117 2222 840 2288; baseline 0 -14"><span class='ocrx_word' id='word_1_169' title='bbox 117 2225 154 2274; x_wconf 91' lang='lat' dir='ltr'>De</span> <span class='ocrx_word' id='word_1_170' title='bbox 174 2225 276 2275; x_wconf 82' lang='lat' dir='ltr'>honesto</span> <span class='ocrx_word' id='word_1_171' title='bbox 295 2241 314 2275; x_wconf 86' lang='lat' dir='ltr'>s.</span> <span class='ocrx_word' id='word_1_172' title='bbox 333 2226 365 2275; x_wconf 92' lang='lat' dir='ltr'>de</span> <span class='ocrx_word' id='word_1_173' title='bbox 384 2228 479 2276; x_wconf 83' lang='lat' dir='ltr'>virtute.</span> <span class='ocrx_word' id='word_1_174' title='bbox 505 2224 541 2273; x_wconf 90' lang='lat' dir='ltr'>De</span> <span class='ocrx_word' id='word_1_175' title='bbox 559 2225 624 2288; x_wconf 91' lang='lat' dir='ltr'>turpi</span> <span class='ocrx_word' id='word_1_176' title='bbox 645 2241 663 2272; x_wconf 90' lang='lat' dir='ltr'>s.</span> <span class='ocrx_word' id='word_1_177' title='bbox 683 2222 715 2272; x_wconf 90' lang='lat' dir='ltr'>de</span> <span class='ocrx_word' id='word_1_178' title='bbox 739 2225 798 2274; x_wconf 84' lang='lat' dir='ltr'>vitio</span> <span class='ocrx_word' id='word_1_179' title='bbox 835 2263 840 2274; x_wconf 91' lang='lat'>.</span> 
     </span>
     <span class='ocr_line' id='line_1_28' title="bbox 155 2313 842 2380; baseline 0.001 -16"><span class='ocrx_word' id='word_1_180' title='bbox 155 2321 176 2364; x_wconf 93' lang='lat'>1.</span> <span class='ocrx_word' id='word_1_181' title='bbox 189 2315 275 2366; x_wconf 90' lang='lat' dir='ltr'>Virtus</span> <span class='ocrx_word' id='word_1_182' title='bbox 294 2315 354 2380; x_wconf 89' lang='lat' dir='ltr'>quid</span> <span class='ocrx_word' id='word_1_183' title='bbox 375 2318 414 2366; x_wconf 89' lang='lat' dir='ltr'>sit.</span> <span class='ocrx_word' id='word_1_184' title='bbox 434 2343 453 2350; x_wconf 32' lang='grc' dir='ltr'><strong><em>ἡ</em></strong></span> <span class='ocrx_word' id='word_1_185' title='bbox 482 2319 504 2364; x_wconf 78' lang='lat'>2.</span> <span class='ocrx_word' id='word_1_186' title='bbox 516 2314 615 2364; x_wconf 79' lang='lat' dir='ltr'>Virtute</span> <span class='ocrx_word' id='word_1_187' title='bbox 635 2313 698 2362; x_wconf 89' lang='lat' dir='ltr'>nihil</span> <span class='ocrx_word' id='word_1_188' title='bbox 716 2321 842 2378; x_wconf 82' lang='lat' dir='ltr'>praestan-</span> 
     </span>
     <span class='ocr_line' id='line_1_29' title="bbox 135 2385 815 2449; baseline -0.004 -15"><span class='ocrx_word' id='word_1_189' title='bbox 135 2387 192 2435; x_wconf 89' lang='lat' dir='ltr'>tius.</span> <span class='ocrx_word' id='word_1_190' title='bbox 218 2385 304 2435; x_wconf 92' lang='lat' dir='ltr'>Virtus</span> <span class='ocrx_word' id='word_1_191' title='bbox 328 2400 505 2449; x_wconf 86' lang='lat' dir='ltr'>usquequaque</span> <span class='ocrx_word' id='word_1_192' title='bbox 528 2385 612 2448; x_wconf 74' lang='lat' dir='ltr'>magni</span> <span class='ocrx_word' id='word_1_193' title='bbox 637 2385 786 2433; x_wconf 80' lang='lat' dir='ltr'>aestimatur.</span> <span class='ocrx_word' id='word_1_194' title='bbox 808 2413 815 2421; x_wconf 92' lang='lat'>-</span> 
     </span>
     <span class='ocr_line' id='line_1_30' title="bbox 137 2453 842 2520; baseline -0.004 -15"><span class='ocrx_word' id='word_1_195' title='bbox 137 2459 159 2505; x_wconf 82' lang='grc'>3.</span> <span class='ocrx_word' id='word_1_196' title='bbox 172 2455 279 2506; x_wconf 85' lang='lat' dir='ltr'>Virtutis</span> <span class='ocrx_word' id='word_1_197' title='bbox 297 2458 432 2520; x_wconf 88' lang='lat' dir='ltr'>praemium</span> <span class='ocrx_word' id='word_1_198' title='bbox 452 2458 477 2504; x_wconf 94' lang='lat' dir='ltr'>in</span> <span class='ocrx_word' id='word_1_199' title='bbox 499 2457 555 2519; x_wconf 89' lang='lat' dir='ltr'>ipsa</span> <span class='ocrx_word' id='word_1_200' title='bbox 578 2459 622 2502; x_wconf 90' lang='lat' dir='ltr'>est.</span> <span class='ocrx_word' id='word_1_201' title='bbox 646 2453 708 2502; x_wconf 84' lang='lat' dir='ltr'>Eam</span> <span class='ocrx_word' id='word_1_202' title='bbox 731 2455 842 2517; x_wconf 87' lang='lat' dir='ltr'>sequitur</span> 
     </span>
     <span class='ocr_line' id='line_1_31' title="bbox 135 2524 840 2588; baseline -0.001 -14"><span class='ocrx_word' id='word_1_203' title='bbox 135 2525 189 2574; x_wconf 89' lang='lat' dir='ltr'>iaus</span> <span class='ocrx_word' id='word_1_204' title='bbox 199 2529 223 2573; x_wconf 90' lang='lat' dir='ltr'>et</span> <span class='ocrx_word' id='word_1_205' title='bbox 232 2525 317 2588; x_wconf 83' lang='lat' dir='ltr'>gioria.</span> <span class='ocrx_word' id='word_1_206' title='bbox 332 2553 356 2560; x_wconf 43' lang='grc' dir='ltr'><strong><em>α</em></strong></span> <span class='ocrx_word' id='word_1_207' title='bbox 384 2529 407 2576; x_wconf 90' lang='grc'>4.</span> <span class='ocrx_word' id='word_1_208' title='bbox 417 2524 473 2574; x_wconf 84' lang='lat' dir='ltr'>Sola</span> <span class='ocrx_word' id='word_1_209' title='bbox 486 2526 563 2575; x_wconf 84' lang='lat' dir='ltr'>uirtus</span> <span class='ocrx_word' id='word_1_210' title='bbox 578 2529 696 2588; x_wconf 88' lang='lat' dir='ltr'>perpetua</span> <span class='ocrx_word' id='word_1_211' title='bbox 708 2525 840 2586; x_wconf 87' lang='lat' dir='ltr'>possessio.</span> 
     </span>
     <span class='ocr_line' id='line_1_32' title="bbox 136 2592 841 2659; baseline -0.003 -15"><span class='ocrx_word' id='word_1_212' title='bbox 136 2621 167 2632; x_wconf 83' lang='lat'>-</span> <span class='ocrx_word' id='word_1_213' title='bbox 192 2599 215 2644; x_wconf 82' lang='lat'>5.</span> <span class='ocrx_word' id='word_1_214' title='bbox 228 2595 314 2646; x_wconf 88' lang='lat' dir='ltr'>Virtus</span> <span class='ocrx_word' id='word_1_215' title='bbox 332 2595 445 2645; x_wconf 89' lang='lat' dir='ltr'>omnibus</span> <span class='ocrx_word' id='word_1_216' title='bbox 464 2599 539 2659; x_wconf 85' lang='lat' dir='ltr'>patet,</span> <span class='ocrx_word' id='word_1_217' title='bbox 556 2592 600 2642; x_wconf 87' lang='lat' dir='ltr'>sed</span> <span class='ocrx_word' id='word_1_218' title='bbox 620 2598 671 2642; x_wconf 86' lang='lat' dir='ltr'>arte</span> <span class='ocrx_word' id='word_1_219' title='bbox 696 2600 720 2641; x_wconf 87' lang='lat' dir='ltr'>et</span> <span class='ocrx_word' id='word_1_220' title='bbox 746 2595 841 2642; x_wconf 81' lang='lat' dir='ltr'>exerei-</span> 
     </span>
     <span class='ocr_line' id='line_1_33' title="bbox 135 2660 840 2728; baseline -0.004 -14"><span class='ocrx_word' id='word_1_221' title='bbox 135 2666 170 2714; x_wconf 87' lang='lat' dir='ltr'>tio</span> <span class='ocrx_word' id='word_1_222' title='bbox 187 2664 296 2728; x_wconf 85' lang='lat' dir='ltr'>paranda</span> <span class='ocrx_word' id='word_1_223' title='bbox 314 2672 358 2714; x_wconf 89' lang='lat' dir='ltr'>est.</span> <span class='ocrx_word' id='word_1_224' title='bbox 369 2693 402 2700; x_wconf 98' lang='lat'>-</span> <span class='ocrx_word' id='word_1_225' title='bbox 426 2669 448 2714; x_wconf 83' lang='lat'>6.</span> <span class='ocrx_word' id='word_1_226' title='bbox 461 2665 510 2716; x_wconf 90' lang='lat' dir='ltr'>Via</span> <span class='ocrx_word' id='word_1_227' title='bbox 527 2662 558 2711; x_wconf 87' lang='lat' dir='ltr'>ad</span> <span class='ocrx_word' id='word_1_228' title='bbox 578 2665 693 2712; x_wconf 82' lang='lat' dir='ltr'>virtutem</span> <span class='ocrx_word' id='word_1_229' title='bbox 705 2660 761 2711; x_wconf 88' lang='lat' dir='ltr'>aliis</span> <span class='ocrx_word' id='word_1_230' title='bbox 778 2661 840 2712; x_wconf 85' lang='lat' dir='ltr'>faci-</span> 
     </span>
     <span class='ocr_line' id='line_1_34' title="bbox 134 2732 839 2792; baseline -0.007 -8"><span class='ocrx_word' id='word_1_231' title='bbox 134 2735 175 2792; x_wconf 82' lang='lat' dir='ltr'>lis,</span> <span class='ocrx_word' id='word_1_232' title='bbox 193 2733 250 2784; x_wconf 87' lang='lat' dir='ltr'>aliis</span> <span class='ocrx_word' id='word_1_233' title='bbox 267 2733 344 2784; x_wconf 84' lang='lat' dir='ltr'>ardua</span> <span class='ocrx_word' id='word_1_234' title='bbox 363 2737 422 2791; x_wconf 79' lang='lat' dir='ltr'>risa,</span> <span class='ocrx_word' id='word_1_235' title='bbox 440 2733 503 2784; x_wconf 89' lang='lat' dir='ltr'>nulli</span> <span class='ocrx_word' id='word_1_236' title='bbox 516 2732 602 2782; x_wconf 83' lang='lat' dir='ltr'>saitem</span> <span class='ocrx_word' id='word_1_237' title='bbox 611 2733 684 2782; x_wconf 90' lang='lat' dir='ltr'>invia.</span> <span class='ocrx_word' id='word_1_238' title='bbox 698 2757 730 2766; x_wconf 91' lang='lat'><em>-</em></span> <span class='ocrx_word' id='word_1_239' title='bbox 752 2732 839 2784; x_wconf 83' lang='lat' dir='ltr'>7.Vi1·-</span> 
     </span>
     <span class='ocr_line' id='line_1_35' title="bbox 134 2801 840 2868; baseline -0.006 -14"><span class='ocrx_word' id='word_1_240' title='bbox 134 2812 175 2854; x_wconf 88' lang='lat' dir='ltr'>tus</span> <span class='ocrx_word' id='word_1_241' title='bbox 197 2803 278 2868; x_wconf 85' lang='lat' dir='ltr'>qualis</span> <span class='ocrx_word' id='word_1_242' title='bbox 299 2819 356 2854; x_wconf 90' lang='lat' dir='ltr'>esse</span> <span class='ocrx_word' id='word_1_243' title='bbox 374 2805 469 2854; x_wconf 86' lang='lat' dir='ltr'>debeat.</span> <span class='ocrx_word' id='word_1_244' title='bbox 502 2801 625 2861; x_wconf 85' lang='lat' dir='ltr'>Quomodo</span> <span class='ocrx_word' id='word_1_245' title='bbox 642 2803 719 2852; x_wconf 84' lang='lat' dir='ltr'>virtus</span> <span class='ocrx_word' id='word_1_246' title='bbox 738 2801 840 2850; x_wconf 83' lang='lat' dir='ltr'>colenda</span> 
     </span>
     <span class='ocr_line' id='line_1_36' title="bbox 136 2871 840 2933; baseline -0.004 -10"><span class='ocrx_word' id='word_1_247' title='bbox 136 2876 175 2924; x_wconf 89' lang='lat' dir='ltr'>sit.</span> <span class='ocrx_word' id='word_1_248' title='bbox 190 2902 220 2910; x_wconf 49' lang='grc' dir='ltr'><strong>υ</strong></span> <span class='ocrx_word' id='word_1_249' title='bbox 241 2875 264 2924; x_wconf 89' lang='lat'>8.</span> <span class='ocrx_word' id='word_1_250' title='bbox 277 2873 340 2933; x_wconf 85' lang='lat' dir='ltr'>Quid</span> <span class='ocrx_word' id='word_1_251' title='bbox 359 2876 392 2924; x_wconf 86' lang='lat' dir='ltr'>sit</span> <span class='ocrx_word' id='word_1_252' title='bbox 410 2876 504 2925; x_wconf 82' lang='lat' dir='ltr'>uitium.</span> <span class='ocrx_word' id='word_1_253' title='bbox 516 2900 549 2910; x_wconf 89' lang='lat'>·-</span> <span class='ocrx_word' id='word_1_254' title='bbox 568 2875 591 2922; x_wconf 90' lang='grc'>9.</span> <span class='ocrx_word' id='word_1_255' title='bbox 603 2871 672 2923; x_wconf 89' lang='lat' dir='ltr'>Vitia</span> <span class='ocrx_word' id='word_1_256' title='bbox 684 2877 740 2919; x_wconf 91' lang='lat' dir='ltr'>sunt</span> <span class='ocrx_word' id='word_1_257' title='bbox 757 2873 840 2920; x_wconf 88' lang='lat' dir='ltr'>cuius-</span> 
     </span>
    </p>
   </div>
   <div class='ocr_carea' id='block_1_6' title="bbox 0 0 1093 3400">
    <p class='ocr_par' dir='ltr' id='par_1_6' title="bbox 0 0 1093 3400">
     <span class='ocr_line' id='line_1_37' title="bbox 0 0 1093 3400; baseline 0 0"><span class='ocrx_word' id='word_1_258' title='bbox 0 0 1093 3400; x_wconf 95' lang='lat' dir='ltr'> </span> 
     </span>
    </p>
   </div>
  </div>
 </body>
</html>
