2212 3406
178 533 217 609 D.
230 533 286 608 DE
303 529 485 608 HUMANO
506 529 681 606 GENERE.
698 529 754 604 DE
772 527 979 604 HOMINUM

336 653 471 731 REBUS
495 655 546 728 ΕΤ
580 651 816 730 INSTITU'HS.

180 791 225 842 ΔΛ.
235 790 273 841 DE
294 790 419 842 nonnus
431 791 544 842 NATURA
556 790 646 842 Attin
658 790 771 840 INDOLE.
795 789 833 840 BE
846 787 981 838 nunnin-

392 881 453 932 RUM
472 881 573 932 ninii
591 879 768 932 connlclonn.

572 993 595 1036 Ι.

373 1077 424 1122 ΒΕ
443 1077 610 1122 ΗΠΜΑΝΟ
625 1076 791 1122 omnm.

185 1165 208 1209 1.
225 1163 318 1209 Homo
335 1163 438 1208 eulmel
453 1163 597 1214 praeclara
610 1163 721 1207 ratione
733 1163 906 1213 generatum.
926 1160 980 1204 Est

502 1235 548 1278 dei
559 1234 661 1286 imago.

219 1325 320 1377 Animal
330 1326 430 1391 plenum
446 1325 548 1375 rationis
562 1329 587 1375 et
599 1324 704 1382 consilii,
725 1339 798 1388 quem
812 1339 926 1376 vocamus
937 1323 983 1373 ho-

184 1418 288 1476 minem,
307 1416 433 1482 preeolara
450 1416 556 1480 quadam
575 1417 668 1465 ratione
686 1419 829 1478 generatum
847 1423 885 1465 est
903 1431 918 1464 a
938 1429 982 1464 su·

185 1521 269 1574 premo
287 1506 340 1558 deo.
626 1504 678 1554 (iic.
686 1504 717 1554 de
734 1504 799 1568 legg.
809 1509 830 1564 1,
840 1509 862 1563 7,
871 1507 911 1554 22.

219 1597 427 1662 Exemplum...
444 1596 485 1646 dei
508 1598 613 1660 quisque
637 1600 675 1646 est
696 1597 723 1646 in
740 1596 848 1659 imagine
865 1609 946 1660 parva.

614 1687 708 1735 Minu.
715 1683 814 1735 Astron.
823 1689 846 1743 4,
854 1687 912 1735 884.

257 1805 282 1848 2.
297 1803 401 1848 Omnes
413 1801 542 1847 homines
555 1812 644 1845 unum
658 1812 763 1852 eorpus
776 1801 912 1845 efficiunt.

217 1894 334 1976 ¹Membra
359 1908 444 1944 sumus
468 1894 576 1958 conponis
595 1893 685 1956 magni.
722 1893 816 1942 Natura
833 1907 877 1942 nos
892 1907 983 1956 cogne-

185 1989 224 2036 tos
242 1983 329 2043 edidit,
348 1998 404 2035 eum
421 1999 454 2034 ex
470 1983 550 2034 isdem
567 1987 592 2033 et
611 1984 637 2031 in
655 1982 741 2033 eadem
753 1983 871 2046 gigneret.

669 2073 912 2138 ,Snn.Epist.95,52.

208 2209 234 2253 3.
247 2209 383 2252 Homines
397 2210 528 2260 pereunt,
541 2208 695 2252 humanum
708 2216 798 2258 genus
810 2216 871 2250 non
883 2205 965 2257 perit.

221 2298 341 2349 Homines
360 2298 460 2363 quidem
479 2302 595 2364 pereunt,
613 2299 669 2363 ipsa
685 2302 767 2347 antem
784 2296 937 2354 humanitas,
952 2294 984 2346 ad

187 2405 261 2456 quam
280 2389 352 2439 homo
370 2388 508 2454 effingitur,
526 2392 652 2453 permanet
669 2392 694 2439 et
711 2386 852 2438 hominibus
871 2386 984 2438 laboran-

187 2480 263 2540 tibus,
279 2478 460 2531 intereuntibus
477 2479 523 2528 iile
539 2477 603 2528 nihil
619 2479 719 2544 petitur.
743 2477 964 2544 Snn.Epist.65‚7.

571 2629 611 2675 Π.
681 2599 684 2610 .

329 2716 379 2760 DE
392 2713 586 2760 molium
599 2712 841 2760 conmcmmt.

226 2805 336 2874 [Natura]
357 2807 480 2858 hominem
502 2806 596 2856 nudum
621 2811 646 2858 et
670 2807 698 2856 in
721 2805 787 2856 nuda
810 2803 885 2855 humo
908 2803 985 2855 natali

193 2897 234 2948 die
258 2897 334 2948 abicit
357 2897 389 2948 ad
411 2899 508 2962 vagitus
530 2897 614 2947 statim
636 2901 661 2948 et
684 2891 820 2963 ploratnmj,
840 2893 985 2960 nullumque
