2174 3400
547 269 597 314 210

194 392 231 442 ris
249 391 344 440 aetatis.
362 391 470 439 omnium
483 389 615 439 hominum.
642 387 777 439 Multitudo
795 404 899 454 peccan-
921 337 967 384 rag

192 462 254 510 tium
271 459 389 524 pudorem
405 459 477 508 tollit.
489 487 520 496 -
546 463 584 508 10.
600 460 718 509 Homines
742 475 757 508 a
779 462 898 509 maiorum

192 532 281 580 virtute
299 531 378 593 magis
393 531 522 593 magisque
534 529 689 592 degenerant.
701 557 735 566 --
755 533 793 578 11.
804 529 898 578 Procli-

192 615 234 652 ves
254 614 338 649 sumus
359 598 389 647 ad
410 601 478 648 vitia.
508 599 584 649 Vitiis
602 605 697 648 maturo
715 598 897 648 occurrendum.

192 696 226 706 -
241 671 280 718 12.
288 669 364 720 litiis
376 671 562 733 patrocinemur.
575 696 605 704 -
619 673 656 718 13.
666 669 702 717 De
710 683 803 718 morum
817 684 899 718 emen-

194 737 300 789 datione.
313 765 345 774 ·-
368 742 406 787 14.
418 738 455 787 De
473 740 535 788 recti
553 743 577 787 et
594 737 653 787 mali
671 740 828 788 conscientia.

550 870 593 920 IV.

177 963 215 1014 De
234 965 340 1022 ingenio.
366 963 403 1012 lle
421 965 514 1028 ingenii
531 962 653 1027 operibus.
678 963 714 1014 De
737 963 842 1013 inventis
892 1003 898 1014 .
937 968 973 1016 95

212 1053 347 1113 lenaeus
369 1059 438 1104 aetas
462 1055 615 1118 ingeniorum
638 1053 716 1103 ferax.
734 1082 768 1089 -
792 1055 899 1118 linge-

191 1127 256 1175 niosi
275 1124 386 1174 homines
403 1125 535 1175 fautricem
554 1131 666 1173 naturam
688 1123 788 1188 habent,
810 1125 853 1176 sed
872 1127 898 1175 in

190 1194 276 1245 multis
296 1193 368 1244 rebus
387 1195 418 1245 ab
428 1193 532 1244 aliorum
543 1209 610 1244 more
621 1193 759 1244 discedunt.
773 1225 807 1232 -
826 1199 848 1244 3.
860 1197 897 1247 De

191 1266 340 1330 praematuri
355 1266 451 1328 ingenii
469 1263 617 1314 hominibus
633 1293 666 1300 —-
685 1268 709 1316 4.
719 1265 831 1328 Ingeniis
849 1269 898 1316 ini-

187 1337 253 1386 mica
269 1335 376 1385 luxuria.
395 1364 429 1370 —
460 1339 483 1384 5.
507 1335 636 1398 Ingenium
662 1340 780 1398 qnantum
810 1337 897 1388 valeat.

190 1433 224 1442 —
244 1409 267 1456 6.
280 1406 317 1455 De
335 1407 489 1469 ingeniorum
510 1405 630 1455 libertate.
642 1434 675 1440 —
707 1405 897 1470 aligerium

191 1475 309 1540 dignatio.
322 1504 357 1512 -
374 1478 398 1524 8.
413 1476 450 1524 De
475 1475 589 1526 inventis.
603 1503 636 1510 -
655 1478 678 1524 9.
691 1475 729 1524 De
753 1490 834 1526 rerum
859 1479 898 1528 in-

189 1545 337 1596 nentoribns.

550 1647 581 1696 V.

173 1741 210 1791 De
227 1741 373 1791 educatione
392 1745 417 1788 et
431 1740 592 1789 institutione.
611 1739 648 1789 De
660 1739 759 1789 scholis.
780 1739 897 1803 Deprae-

226 1831 366 1896 ceptoribus
392 1835 416 1880 et
440 1829 578 1894 discipulis,
603 1829 640 1880 lle
666 1829 838 1879 aemulatione.
862 1831 899 1881 De

228 1923 353 1972 memoria.
373 1921 410 1971 De
427 1923 575 1986 praeceptis.
597 1919 634 1969 De
652 1922 836 1970 exercitatione.
860 1921 898 1970 De

223 2014 336 2064 lectione.
366 2012 404 2060 De
428 2010 498 2060 libris
547 2049 895 2061 .........
934 2014 967 2062 99

209 2109 230 2154 1.
243 2105 280 2154 De
291 2103 442 2153 educatione.
457 2130 490 2136 —
508 2103 530 2150 2.
543 2101 580 2150 De
588 2103 751 2152 institutione.
761 2131 795 2137 -
804 2100 895 2165 Cogni-

188 2176 263 2226 tionis
280 2172 431 2224 desiderium
451 2169 585 2221 laudabile.
607 2172 641 2220 lle
659 2173 734 2221 animi
751 2173 894 2223 intentione.

188 2245 218 2296 In
237 2246 364 2295 iuuentute
387 2241 539 2291 discendum.
563 2240 629 2300 Quae
647 2241 764 2291 didiceris
782 2242 894 2292 tenenda.

187 2314 354 2366 Institutionis
373 2312 476 2362 utilitas
486 2338 520 2346 --
542 2316 565 2362 3.
578 2312 614 2362 De
633 2311 726 2361 scholis
737 2310 894 2376 publicis—

188 2387 297 2449 Magnae
325 2383 424 2433 scholae
454 2379 595 2444 fugiendae.
626 2379 720 2445 Optimi
749 2383 776 2430 in
801 2381 894 2432 scholis

188 2455 296 2522 publicis
315 2457 495 2518 praeceptores.
516 2453 585 2501 Unus
613 2455 757 2515 praeceptor
780 2450 895 2514 pluribus

188 2523 288 2576 scilicit.
305 2523 439 2574 Amicitiae
462 2522 488 2570 in
511 2521 603 2571 scholis
627 2519 734 2585 publicis
759 2522 894 2584 iunguntur

189 2595 366 2646 sanctissimae.
387 2591 479 2642 Sensus
497 2593 633 2642 communis
652 2592 678 2639 in
704 2589 793 2640 iisdem
817 2591 894 2641 disci-

189 2669 236 2715 tur.
255 2663 339 2714 Habet
355 2663 392 2713 ibi
404 2675 467 2726 puer
483 2675 544 2725 quos
556 2661 676 2712 aemulari
686 2661 772 2725 possit.
789 2660 825 2710 De
837 2675 894 2725 per-

188 2750 261 2786 versa
278 2734 418 2784 scholarum
431 2733 532 2781 ratione.
556 2731 644 2781 Gratus
670 2731 767 2780 animus
793 2731 893 2781 scholae

189 2805 331 2855 serrandus.
352 2831 385 2838 —
404 2806 427 2851 4.
438 2802 475 2852 De
491 2799 690 2866 praeceptoribus
711 2805 736 2850 et
754 2799 891 2864 discipulis.

190 2901 224 2909 -
244 2872 308 2931 Quid
326 2874 439 2934 utrisque
464 2872 599 2922 conveniat.
625 2871 661 2919 De
687 2869 893 2934 praeceptoribus.
