2174 3400
480 255 530 303 20⁷

856 375 872 414 Ρ
899 404 904 415 .

226 446 284 489 ΒΒ.
298 445 339 488 De
355 445 531 497 singulorum
547 445 694 488 hominum
710 443 794 488 viotu.
873 385 898 423 ἃς

247 517 288 561 De
301 526 428 568 eorpors.
441 516 483 560 De
496 516 599 560 animo.
611 516 653 560 De
666 518 768 560 mente.

165 590 207 633 De
215 589 332 632 ratione.
346 587 387 630 De
399 588 522 638 ingenio.
534 587 575 630 De
587 586 632 640 iis,
645 597 717 639 quse
727 597 791 632 oum
798 587 843 630 his

264 659 329 704 suni
341 659 492 704 semuncta
504 659 553 703 eut
565 668 598 703 so
612 658 747 710 spectent.

419 763 437 790 e.
454 752 488 790 DE
504 750 627 791 CORPORE.

500 876 520 927 I.

109 966 148 1018 De
169 980 271 1031 conpore
289 971 314 1018 et
331 966 362 1018 de
381 969 490 1032 eorporis
506 981 567 1018 oure
613 1001 834 1017 ......
871 964 904 1012 43

149 1059 171 1106 1.
183 1057 220 1106 De
239 1071 347 1122 conpore.
357 1086 392 1094 -
411 1060 435 1107 2.
446 1058 483 1108 De
499 1055 621 1107 sensibus.
638 1055 675 1106 De
685 1069 767 1105 rerum
780 1069 836 1118 spe-

130 1127 178 1176 eie.
189 1155 222 1162 —
241 1130 263 1176 3.
276 1127 313 1178 De
332 1126 411 1177 forms
429 1132 453 1178 et
476 1126 669 1192 pulchritudine.
693 1125 729 1176 De
753 1123 835 1174 defor-

129 1197 268 1247 mitate—
290 1200 315 1246 4.
332 1196 369 1248 De
387 1197 549 1248 vestimentis,
569 1225 603 1232 —
633 1199 657 1246 5.
670 1195 707 1246 De
722 1192 785 1244 oibo.
803 1219 836 1228 -

132 1268 156 1316 6.
170 1265 208 1316 De
227 1271 294 1332 potu.
312 1266 350 1317 De
363 1267 427 1317 vino.

491 1355 523 1406 11.

112 1447 150 1498 De
169 1449 279 1511 eorporis
296 1448 453 1498 recreatione.
472 1445 509 1497 De
527 1447 585 1496 otio.
605 1445 643 1495 De
662 1443 836 1495 ambulatione,

166 1537 203 1588 De
221 1539 366 1588 vectatione.
385 1537 423 1587 De
442 1551 533 1587 somno.
561 1536 599 1587 De
615 1535 683 1585 insu.
704 1534 741 1585 De
759 1532 837 1585 feriis.

168 1629 204 1678 De
221 1626 294 1679 festis
312 1627 401 1679 diebus
419 1651 424 1665 ·
449 1663 836 1677 ..........
874 1628 907 1677 48

151 1721 172 1767 1.
183 1718 220 1768 De
240 1719 349 1782 eorporis
360 1719 520 1768 recreatione.
530 1746 564 1752 —
583 1719 606 1765 2.
621 1715 658 1766 De
672 1717 728 1765 otio.
751 1715 787 1765 De
799 1732 838 1767 re-

131 1787 248 1836 missione
262 1790 287 1836 et
310 1787 408 1836 modica
426 1787 558 1852 voluptate.
576 1815 609 1822 -
630 1789 652 1836 3.
670 1785 707 1836 Do
730 1785 841 1836 ambula-

132 1857 206 1906 tione.
233 1856 270 1906 De
294 1858 438 1906 vectatione.
459 1885 492 1892 —-
517 1859 540 1905 4.
552 1855 588 1905 De
608 1870 699 1904 somno.
711 1884 744 1890 —
765 1859 787 1906 5.
802 1855 838 1906 De

132 1925 196 1976 lusu.
209 1955 243 1962 -
262 1929 284 1976 6.
298 1927 334 1976 De
344 1924 422 1976 feliis.
435 1955 469 1961 -
488 1929 511 1975 7.
529 1925 565 1974 De
583 1923 655 1975 festis
676 1924 770 1974 diebus.

490 2057 535 2108 111.

104 2147 153 2230 'De
172 2147 263 2197 laboro.
288 2149 324 2199 De
348 2149 471 2198 industrie
488 2153 512 2198 et
529 2147 686 2198 adsiduitate.
710 2147 748 2196 De
773 2146 839 2196 desi·

168 2238 210 2288 dia
227 2247 252 2289 et
269 2240 375 2303 ignavia.
394 2239 432 2288 De
451 2240 500 2288 otio
530 2275 838 2289 ........
877 2239 911 2286 50

154 2332 175 2378 1.
188 2328 225 2379 De
235 2327 319 2379 labore
332 2333 356 2378 et
368 2329 499 2394 voluptate.
513 2358 546 2365 -
566 2331 589 2379 2.
601 2328 737 2393 Diligentia
749 2333 773 2379 et
782 2343 841 2378 usus

135 2398 268 2463 plurimum
285 2398 357 2449 velot.
369 2429 402 2435 —
420 2403 443 2449 3.
454 2399 558 2449 Desidia
574 2399 674 2450 hebetat
689 2403 713 2448 et
732 2413 841 2449 conrum-

136 2470 172 2533 pit
189 2481 330 2534 eorpus-
355 2472 378 2518 4.
391 2467 477 2519 Otium
495 2469 616 2532 quomodo
635 2469 792 2519 discutiatur.
812 2497 845 2504 —

138 2541 161 2588 5.
174 2537 210 2588 De
228 2537 341 2589 desidiae
356 2543 493 2604 praetextu.

490 2670 533 2720 [v.

120 2760 155 2811 lie
170 2760 263 2812 tuende
281 2759 430 2811 valetudine.
449 2761 486 2810 De
506 2763 570 2812 vitoe
587 2775 669 2812 amore
704 2798 710 2810 .
748 2798 753 2810 .
790 2799 795 2810 .
834 2797 838 2809 .
876 2759 910 2810 53

153 2850 188 2901 De
206 2851 356 2902 valetudinis
373 2864 438 2901 oure.
457 2850 517 2903 Vite
534 2866 582 2901 non
599 2865 721 2902 summum
743 2848 841 2900 bonum.
