2208 3402
565 273 615 321 108

190 395 284 454 Lectio,
291 409 354 459 quae
361 393 462 459 placuit,
470 394 554 444 decies
561 392 791 458 repetitaplacebit.
798 389 993 442 nocentes.

225 485 376 550 Repetamus
395 488 420 534 et
436 487 569 535 nectemus
587 482 716 550 [librorum
741 479 895 546 lectionemJ,
915 485 941 531 et
962 485 994 531 ut

189 574 258 626 cibos
276 589 374 625 mansos
394 589 423 624 ac
440 587 517 640 prope
528 571 678 639 liquefactos
696 573 858 631 demittimus,
879 586 927 636 quo
946 569 991 621 fa-

188 665 264 718 cilius
280 665 434 729 digerantur,
450 667 486 716 ita
503 665 577 716 lectio
595 679 644 714 non
662 663 746 722 cruda,
770 662 814 714 sed
834 661 913 712 multa
940 663 994 712 ite-

190 757 284 806 ratione
303 755 400 806 mellita
416 759 441 806 et
457 754 526 806 velut
550 753 663 806 coniecta
681 754 816 804 momoriae
834 752 951 803 tradatur.

558 823 642 884 Qomn.
650 823 710 874 Inst.
718 821 785 874 Orat.
796 826 866 882 10,1,
877 825 917 872 19.

225 915 312 968 Lectio
331 921 399 967 certa
415 916 524 982 prodest,
541 917 610 966 varin
629 913 744 964 delectat.
764 911 819 964 San.
826 913 907 979 Epist.
914 915 990 971 45‚1.

224 993 304 1058 Aiunt
313 1007 418 1056 multum
428 1005 561 1070 legendum
574 1019 636 1064 esse,
648 1004 788 1055 nonmuita
801 1004 869 1054 Pnn'.
878 1003 924 1069 Ep.
934 1007 956 1062 7,
964 1007 990 1054 9.

223 1097 356 1160 Distringit
374 1095 496 1146 librorum
515 1094 655 1145 multitudo.
743 1093 797 1145 Sen.
805 1094 853 1158 Ep.
861 1096 885 1153 2,
893 1097 916 1144 3.

226 1187 311 1238 Lectio
331 1191 459 1237 auctorum
478 1185 610 1236 multorum
629 1191 655 1234 et
672 1187 750 1235 omnis
768 1186 864 1249 generis
882 1183 991 1235 volumi-

190 1293 250 1329 num
265 1277 340 1328 habet
359 1275 454 1341 aliquid
475 1291 565 1340 vagum
583 1280 608 1326 et
625 1274 749 1325 instabile.
779 1273 834 1325 San.
841 1275 888 1339 Ep.
897 1277 952 1332 21.

226 1365 319 1420 Onerat
340 1368 476 1418 discentem
496 1365 576 1426 turba,
595 1381 643 1415 nou
668 1366 781 1424 instruit,
802 1364 930 1429 multoque
949 1379 993 1414 sa-

192 1462 244 1510 tius
264 1463 302 1510 est
320 1460 405 1524 paucis
424 1461 449 1508 te
469 1455 610 1507 auctoribus
631 1455 731 1506 tradere
749 1469 823 1519 quam
843 1467 927 1506 errare
943 1468 993 1520 per

192 1549 291 1600 multos.
628 1545 683 1596 Suu.
690 1545 806 1610 detrenq.
814 1561 853 1595 an.
862 1547 885 1604 9,
893 1549 917 1595 4.

227 1641 281 1690 Non
299 1640 382 1689 statim
401 1637 494 1702 legenti
510 1651 655 1703 persuasum
673 1637 706 1687 sit
724 1638 812 1694 omnia,
829 1651 892 1701 quae
902 1638 993 1702 optimi

192 1734 304 1780 auctores
323 1728 440 1787 dixerint,
457 1729 544 1792 utique
565 1742 620 1778 esse
638 1725 757 1792 peffeota.

564 1794 918 1856 Qo1m.1nst.0mt.10,1,tt.

224 1887 293 1953 Apes
312 1887 431 1939 debemus
449 1889 541 1938 imitari
560 1893 585 1937 et
603 1901 773 1951 quaecumque
790 1901 822 1936 ex
840 1886 938 1937 divense
952 1885 990 1936 le-

192 1980 272 2030 ctione
297 1980 466 2042 congessimus
490 1991 617 2042 separare‚
643 1975 733 2027 deiude
752 1975 865 2026 adhibita
892 1976 988 2038 ingenii

192 2069 269 2120 nostri
287 2081 347 2119 cura
370 2073 398 2143 et·
419 2067 540 2119 facultate
563 2069 588 2116 in
614 2081 690 2116 uuum
717 2079 828 2130 saporem
852 2067 920 2116 varia
943 2065 990 2116 illa

194 2158 327 2210 libamenta
346 2158 504 2210 confundere.
694 2155 838 2220 SunEpist.
848 2157 920 2214 Sto.

217 2345 267 2390 DE
281 2345 454 2391 unumve.
479 2345 530 2390 DE
542 2273 796 2390 Hv'il'fflRABUfl
809 2343 963 2389 B'I'UDHS.

320 2418 370 2462 DE
388 2416 608 2462 moenianum
625 2415 860 2462 memmae.

489 2504 513 2548 1.
526 2503 568 2547 De
580 2503 696 2548 artibus.

507 2594 570 2635 Quid
585 2594 617 2630 nt
629 2603 675 2632 ana·

228 2678 278 2732 Ars
294 2683 332 2732 est
349 2680 386 2730 roi
405 2679 536 2730 cuiusdam
551 2680 663 2737 scientia,
680 2693 728 2730 usu
748 2678 786 2730 vel
805 2679 937 2729 traditione
950 2677 991 2728 vel

193 2772 287 2822 ratione
303 2773 432 2836 percepto,
459 2769 563 2822 tendens
581 2769 612 2820 ad
636 2784 710 2820 usum
728 2768 837 2834 aliquem
861 2770 925 2820 vitae
946 2783 990 2818 ne-

194 2863 335 2914 cessarium.
539 2857 918 2924 Dionntntltedfflutsch.
