2212 3406
520 281 551 327 21

139 403 177 449 tot
200 399 343 449 animalium
368 399 437 449 aliud
455 399 487 450 ad
505 399 619 450 lacrimas
640 403 665 450 et
684 399 730 450 has
746 400 858 464 protinus
874 399 940 450 vitae

140 491 270 554 piinoipio.
290 528 296 540 .
316 529 321 540 .
342 529 348 540 .
372 489 413 540 Ab
438 490 485 541 hoo
509 491 574 541 lueis
597 491 736 542 mdimento
750 529 755 540 .
769 529 775 540 .
790 529 815 540 ..
841 489 941 540 uincula

140 580 269 644 excipiunt
286 584 310 630 et
328 582 437 630 omnium
454 580 619 632 membrorum
631 597 718 639 nexus,
737 583 820 646 itaque
833 565 941 632 feliciter

140 673 213 720 natus
230 671 295 722 iaoet
311 670 425 722 manibus
443 669 599 736 pedibusque
618 672 747 730 desinetis,
768 671 830 722 flens
848 669 940 720 animal

137 763 229 812 outonis
248 763 424 828 imperaturum
427 801 512 812 .....
530 763 615 813 Prima
631 763 726 814 roboris
745 778 802 828 spes
820 763 940 827 primum·

140 865 189 915 qne
209 855 326 918 temporis
343 868 433 904 munus
452 853 607 920 quadrupedi
622 853 729 905 similem
741 852 808 904 feeit.
838 851 939 913 Quando

141 941 236 992 homini
253 945 378 994 incessus!
399 944 496 1008 qnando
512 947 573 996 noxi
593 944 691 1010 quando
708 945 805 994 firmum
822 943 885 994 oibis
897 945 938 995 ost

137 1046 214 1098 qnam
225 1033 270 1084 diu
279 1033 403 1100 palpitans
419 1040 512 1094 vertex,
531 1051 640 1086 summae
656 1037 722 1086 inter
739 1039 828 1086 cuneta
845 1037 938 1085 anima·

139 1123 176 1174 lia
199 1122 371 1176 inbecillitatis
395 1125 530 1176 indicium!
561 1165 627 1176 ....
653 1126 741 1177 Cetera
758 1127 849 1176 sentire
866 1129 938 1176 natu-

139 1227 193 1264 ram
215 1230 298 1266 snam:
322 1216 373 1266 alie
393 1217 564 1282 pernicitatem
581 1230 714 1282 usurpare,
741 1215 791 1266 alia
810 1220 939 1280 praepetes

139 1306 249 1364 volatus,
274 1306 325 1357 alia
344 1321 415 1365 nare3
440 1306 563 1358 hominem
583 1307 646 1357 seire
661 1305 724 1356 nihil
744 1307 798 1357 sine
819 1305 938 1365 doctrina,

140 1395 324 1456 1111111111111
342 1397 446 1462 ingnedi,
466 1413 515 1448 non
533 1399 608 1456 vesei,
627 1395 782 1461 breviterque
800 1411 848 1446 non
867 1395 936 1448 aliud

140 1492 242 1539 naturae
261 1493 347 1554 sponte
365 1503 439 1553 quam
456 1489 522 1538 flere.
540 1488 609 1538 Puni.
617 1488 672 1539 Nat.
679 1487 745 1538 Hist.
754 1491 776 1538 7.
797 1501 903 1552 prooem.

175 1577 313 1644 [Homines]
328 1580 398 1644 parvi
414 1580 493 1644 primo
512 1583 568 1628 ortu
588 1580 624 1628 sio
643 1580 732 1635 iacent,
752 1582 876 1642 tamquam
888 1593 940 1628 om-

138 1669 196 1719 nino
215 1670 269 1720 sine
286 1671 367 1719 animo
388 1671 450 1724 sint:
469 1684 525 1719 oum
542 1674 624 1720 autem
643 1669 754 1734 paullum
765 1668 889 1718 firmitatis
899 1683 939 1720 ao·

140 1761 228 1817 cessit,
253 1763 278 1810 et
310 1761 391 1809 animo
415 1765 519 1810 utuntur
541 1763 565 1810 et
595 1758 723 1818 sensibus,
749 1760 939 1823 annitunturque

139 1865 195 1901 sese
212 1854 240 1900 ut
259 1852 362 1914 erigant,
380 1854 405 1900 et
424 1849 538 1900 manibus
555 1854 659 1900 utuntur
676 1855 700 1900 et
718 1865 760 1900 eos
778 1849 938 1912 adgnoscunt,

139 1939 262 2004 aquibus
287 1941 436 1998 educantnr3
461 1940 552 1992 deinde
571 1939 717 2004 aequalibus
736 1939 890 1990 delectantur
908 1939 939 1990 li·

138 2029 273 2096 benterque
291 2046 318 2080 se
337 2046 393 2081 oum
410 2031 451 2081 his
468 2035 623 2094 congregant.
655 2029 707 2080 Cio.
714 2029 744 2080 de
751 2029 791 2094 fin.
799 2033 871 2087 5‚15‚
879 2032 919 2078 42.

173 2119 238 2181 Quid
257 2125 294 2172 est
320 2119 412 2171 homo?
436 2119 564 2186 quodlibet
582 2135 699 2184 quassum
723 2135 766 2171 vas
784 2124 809 2170 et
827 2119 938 2184 quolibet

141 2208 232 2276 1111111
252 2213 352 2262 iactatu.
463 2194 865 2264 81111111111111111111111.113.

511 2360 566 2406 m.

292 2447 342 2491 DE
357 2447 528 2493 omenes.
549 2447 599 2492 DE
614 2447 780 2492 Gulosus.

417 2535 440 2579 1.
453 2534 495 2578 Do
506 2534 593 2579 natali
606 2535 660 2579 dle.

172 2625 290 2677 Dicamus
306 2625 370 2676 bona
388 2625 468 2684 verba,
483 2627 550 2677 venit
568 2624 658 2674 natalis
677 2625 709 2674 ad
726 2639 788 2675 eres.

589 2713 691 2762 11111111.
698 2713 769 2776 Eleg.
778 2715 800 2769 2,
809 2715 831 2770 2,
843 2717 862 2761 l.

172 2802 263 2864 Quidni
285 2818 331 2868 ego
352 2817 495 2868 magnorum
514 2805 621 2854 virorum
640 2801 734 2852 natales
754 2801 896 2852 celebrem?

573 2963 574 2967 Ἰ
642 2887 863 2952 81111.Ε1111.64,9.
