2212 3406
560 283 591 332 18

287 452 313 496 8.
327 451 463 496 reatinam
479 463 563 498 nosse
582 453 812 506 operaepretium
825 453 875 497 eat.
974 467 976 472 ,

217 543 313 609 Operae
342 547 448 609 pretium
481 549 518 594 est
547 559 619 594 nosse
643 549 762 594 naturam.
804 545 890 610 Neque
914 547 979 596 enirn

181 636 315 699 quiequam
328 634 403 686 habet
420 637 447 686 in
459 650 485 685 se
495 635 570 685 huius
584 637 702 686 materiae
719 637 832 686 tractatio
841 636 978 701 pulchrius,

184 739 240 775 eum
260 725 339 775 multa
355 724 447 776 habeat
464 725 550 776 futura
571 729 641 784 usui,
667 741 742 790 quam
767 726 833 792 quod
855 727 979 777 hominem

184 815 367 881 magnificentia
388 817 428 867 sui
452 817 546 867 detinet
570 833 616 868 noo
639 818 760 876 mercede,
785 818 829 868 sed
859 817 978 869 miraculo

180 905 277 958 colitur.
592 905 708 958 SunNat.
716 906 813 967 Quaest.
822 912 844 967 6,
853 911 907 968 4‚2.

216 997 284 1049 Inest
308 999 334 1048 in
357 998 521 1064 explicatione
548 1003 651 1048 naturae
677 998 828 1050 insatiabilis
856 999 979 1064 quaedam

181 1103 197 1138 e
216 1089 393 1152 cognoscendis
415 1089 490 1140 rebus
516 1089 636 1154 voluptas,
660 1091 687 1139 in
710 1105 759 1154 qua
783 1105 833 1140 una
857 1089 977 1142 conlectis

182 1177 257 1229 rebus
277 1181 423 1230 necessariis
445 1183 517 1232 vacui
539 1182 637 1244 negotio
662 1180 764 1230 honeste
787 1197 816 1230 ae
840 1180 978 1232 liberaliter

181 1271 305 1335 possimus
321 1272 411 1322 urere.
650 1271 702 1322 Oro.
710 1272 742 1322 de
754 1272 794 1322 tin.
803 1276 826 1330 4,
834 1276 857 1330 5,
867 1275 907 1322 12.

217 1359 280 1411 (lum
299 1362 364 1410 imus
384 1375 430 1426 per
448 1361 546 1412 oooulta
564 1365 672 1421 naturae,
695 1377 751 1413 oum
776 1363 860 1414 divina
885 1367 976 1414 traete-

180 1465 245 1509 mus,
264 1451 428 1502 vindicandus
445 1456 483 1502 est
500 1453 603 1502 amalis
622 1455 674 1503 suis
697 1455 793 1504 animus
820 1470 849 1504 ao
871 1453 977 1505 subinde

180 1539 316 1591 firmandus
335 1579 340 1590 .
363 1541 520 1605 quodetiam
536 1543 641 1593 eruditis
658 1549 684 1594 et
701 1544 835 1594 hoounum
846 1543 976 1608 agentibus

180 1633 346 1682 necessarium
364 1637 413 1690 est,
438 1647 486 1682 non
503 1638 531 1683 nt
553 1631 700 1698 effugiamus
723 1636 788 1684 ictus
810 1649 904 1693 rerum,
931 1635 976 1686 sad

178 1725 208 1770 ut
224 1720 322 1772 fortiter
341 1726 365 1772 et
384 1727 524 1773 oonstanter
543 1725 672 1789 patiamur.
693 1724 748 1775 Suu.
755 1725 810 1775 Nat.
818 1725 862 1785 Qu.
871 1729 943 1784 259,
951 1728 974 1775 2.

215 1809 330 1862 Omnium
347 1827 429 1863 rerum
447 1818 536 1864 natura
551 1816 648 1878 ungunta
664 1815 774 1866 levamur
791 1817 976 1880 superstitione,

179 1901 314 1953 liberamur
325 1905 410 1954 mortis
427 1909 502 1962 metu,
524 1919 572 1954 non
590 1904 764 1956 conturbamur
771 1907 924 1970 ignoratione
936 1921 975 1957 re-

179 2006 241 2051 rum,
258 2009 272 2044 e
289 2009 337 2060 qua
355 1997 410 2060 ipsa
425 1994 556 2046 horribiles
575 1997 685 2046 existunt
703 2011 778 2061 saepe
796 1991 949 2048 formidines.

630 2084 682 2136 Oro.
689 2085 720 2135 de
733 2085 902 2145 fin.1,1e,63.

212 2194 279 2245 Eum
296 2198 420 2254 terrorem,
439 2210 513 2259 quem
532 2195 577 2247 tibi
600 2198 638 2246 rei
663 2195 758 2247 novitas
783 2197 904 2258 attulerit,
929 2215 974 2251 nu·

177 2288 248 2336 turae
266 2287 360 2336 ratione
378 2285 503 2352 depellite.
599 2286 650 2338 (lio.
659 2286 773 2338 de-divin.
782 2290 854 2346 228,
863 2291 903 2338 60.

211 2376 304 2426 Rerum
329 2381 442 2426 naturam
466 2379 608 2441 peragranti
631 2392 765 2442 numquam
789 2380 815 2428 iu
844 2377 975 2430 fastidium

177 2467 269 2518 veritas
287 2468 376 2525 veniet,
395 2465 461 2517 falsa
478 2466 608 2518 satiabunt.
661 2467 716 2519 Suu.
724 2468 803 2535 Epist.
813 2471 902 2527 78,26.

173 2637 205 2681 9.
218 2634 286 2680 Non
298 2636 355 2680 tam
367 2637 447 2682 fusile
459 2647 510 2682 nee
528 2639 746 2750 breuniutempore
763 2641 831 2685 mee
848 2642 973 2695 cognitio

516 2715 583 2758 neue
630 2736 636 2752 .

53 2722 148 2842 ‘Wl
211 2794 328 2846 Omnium
339 2809 421 2845 rerum
439 2773 496 2882 subt
515 2797 636 2860 quaedam
656 2799 683 2847 in
701 2798 753 2848 alto
771 2805 872 2850 seurota

456 2885 824 2945 Pnrn.Nat.Hist.17‚3‚8‚29.
