2208 3402
194 333 332 398 Singularis
351 341 389 384 est
406 334 528 398 quaedam
543 339 631 385 ustura
648 338 723 400 etque
740 336 778 385 ris
796 335 885 392 animi,
918 349 964 384 se-

158 425 243 474 iuncta
260 423 291 474 eb
310 424 350 474 his
372 426 470 476 usitatis
487 427 601 488 uotisque
625 427 726 476 naturis.
771 425 810 474 Ita
834 425 963 488 quioquid

159 518 197 566 est
214 515 279 564 illud
297 515 363 579 quod
381 517 463 573 sentit
482 514 548 578 quod
566 517 639 580 sapit,
660 516 726 580 quod
744 517 811 573 vivit,
832 514 898 578 quod
919 517 961 566 ri-

158 611 207 670 get,
228 605 335 656 caeleste
351 611 376 656 et
393 605 504 656 divinum
522 605 552 656 ob
575 621 678 670 eamque
702 619 754 656 rem
771 609 897 656 aeteruum
923 607 962 656 sit

157 707 259 742 neeesse
277 695 322 742 est.
617 690 670 742 Oro.
679 693 753 742 Taso.
763 696 785 750 1,
793 693 834 750 27,
843 695 883 741 66.

193 781 214 833 Ο
232 782 386 847 praeclarum
405 783 478 840 diem,
498 797 554 832 oum
572 784 598 832 in
611 781 677 832 ιιιιιιι
695 782 806 834 divinum
817 785 960 832 animorum

158 873 290 923 eonoilium
308 879 454 937 coetumque
472 873 615 937 proficiscar
639 887 745 936 eumque
770 888 803 922 ex
817 872 865 922 hae
883 871 961 922 turba

158 963 340 1015 etoollurioue
358 963 491 1014 discedam.
629 961 680 1014 Cre
692 961 744 1014 (iat.
753 979 784 1012 ιιι.
793 966 833 1021 98,
842 965 882 1012 85.

193 1051 326 1119 Supremos
337 1053 382 1104 ille
393 1054 447 1104 dies
461 1069 509 1104 non
525 1053 588 1119 [nost
589 1052 619 1118 ιι]
632 1055 815 1112 extinctionem,
833 1053 877 1104 sed
889 1067 960 1102 eoru-

158 1146 318 1195 mutationem
336 1143 417 1196 adfert
436 1145 491 1196 loei.
614 1146 654 1194 ld.
663 1145 737 1194 Tuso
748 1147 818 1206 1,49,
827 1148 883 1193 117.

193 1235 253 1285 Dies
270 1237 325 1292 iste,
345 1249 418 1299 quem
436 1241 562 1300 tamquam
580 1240 718 1286 extremum
736 1233 892 1291 reformidas,
913 1249 958 1284 ae·

158 1323 223 1372 terni
242 1321 331 1372 natulis
349 1327 394 1372 est.
622 1321 677 1372 Sur.
688 1321 768 1387 Epist.
752 1323 835 1378 tuoe,
844 1323 885 1370 26

193 1409 301 1464 Animus
321 1412 406 1464 divina
422 1413 516 1475 origine
536 1411 648 1472 haustus
668 1415 709 1462 eui
721 1428 766 1462 neo
780 1416 894 1462 senectus
903 1411 961 1461 uile.

156 1518 203 1554 ueo
220 1517 293 1556 mors.
312 1517 409 1554 onerosi
424 1503 532 1567 eorporis
558 1502 664 1554 vinculis
682 1503 810 1554 exsolutus
827 1503 859 1552 ad
883 1501 958 1553 sedes

158 1608 216 1644 suas
223 1598 247 1644 et
254 1597 358 1658 cognata
369 1593 451 1642 sidera
457 1598 573 1642 recurret.
586 1593 640 1643 Sar.
653 1592 750 1642 Suasor.
759 1597 772 1642 6
780 1610 804 1658 p.
813 1597 844 1642 33
853 1593 956 1658 ed.Bip.

194 1685 265 1734 [iimo
295 1685 391 1733 animus
415 1689 498 1734 noster
520 1682 620 1734 habebit
644 1683 710 1747 quod
734 1683 873 1748 gratuletur
898 1683 954 1742 sibi,

158 1789 214 1826 oum
233 1776 339 1824 emissus
356 1773 396 1824 his
411 1773 531 1831 tenebris,
550 1775 576 1823 iu
594 1773 685 1838 quibus
702 1775 832 1833 volutatur,
852 1789 900 1823 non
919 1779 954 1824 te-

156 1867 200 1916 nui
220 1867 275 1916 visu
294 1865 362 1915 olera
379 1865 546 1928 prospexerit,
576 1863 620 1914 sed
646 1869 724 1914 totum
743 1864 809 1914 diem
827 1863 954 1914 admiserit

157 1960 182 2006 et
200 1957 268 2007 eaelo
287 1955 400 2006 redditus
419 1969 463 2004 suo
476 1953 559 2011 fuerit,
578 1969 634 2004 eum
644 1956 764 2018 receperit
775 1953 863 2012 locum,
880 1968 955 2019 quoru

155 2048 285 2111 occupavit
297 2051 361 2096 sorte
374 2045 498 2094 nascendi.
519 2043 621 2094 Sursum
633 2043 706 2093 illum
719 2048 806 2094 vocant
817 2045 890 2094 initia
901 2059 953 2094 sua

661 2112 716 2162 Ser.
724 2113 803 2178 Epist.
812 2116 851 2172 79,
862 2115 901 2162 12.

192 2205 263 2255 Tune
281 2206 307 2254 iu
325 2203 434 2254 tenebris
452 2205 545 2254 vixisse
564 2209 588 2253 te
607 2202 683 2261 dices
705 2217 761 2254 oum
782 2209 858 2254 totam
873 2203 954 2254 luoem

155 2299 181 2345 et
199 2299 265 2345 totus
286 2295 420 2359 aspexeris,
440 2309 513 2358 quam
532 2308 597 2343 nuno
614 2309 659 2358 per
683 2295 871 2357 augustissimas
895 2307 956 2344 oeu-

155 2386 235 2436 lorum
256 2385 308 2436 ries
327 2384 431 2435 obscure
448 2385 560 2442 intueris,
580 2389 704 2434 ettamen
729 2384 860 2434 admireris
884 2383 955 2433 illam

154 2479 205 2527 iam
221 2475 314 2541 procul.
351 2473 415 2534 Quid
434 2473 480 2525 tibi
499 2473 625 2525 ridebitur
644 2473 729 2526 diviua
747 2475 798 2532 lux,
818 2489 875 2523 euru
886 2473 955 2524 ιιιιιιιι

155 2581 200 2617 suo
217 2565 270 2617 loco
290 2563 400 2617 rideris?
618 2563 672 2615 Ser.
682 2565 764 2629 Epist.
774 2567 832 2622 102,
843 2566 884 2614 28,

191 2655 217 2708 Si
236 2657 383 2707 moderere
401 2656 551 2719 sapientium
570 2653 637 2705 ferna
652 2659 689 2705 est
706 2655 845 2720 recipitque
863 2670 907 2705 nos
919 2654 954 2704 lo-

96 2777 100 2782 ·
155 2761 200 2798 eus
218 2745 317 2811 aliquis,
336 2760 410 2810 quem
425 2749 541 2810 putemus
559 2747 654 2810 perisse
674 2747 826 2810 praemissus
838 2749 884 2795 est.

97 2825 101 2832 '
720 2817 761 2864 Id.
772 2813 805 2864 ib.
815 2817 847 2864 69
856 2817 919 2865 extr.

1077 571 1082 792 ι
