2212 3406
557 281 617 316 XXIV

189 381 263 430 quam
280 371 305 417 tu
324 370 349 418 in
368 367 479 420 fortunae
497 374 570 434 quasi
580 377 675 436 portum
687 371 809 436 quendam
827 373 923 428 venisti,
939 369 985 420 de—

189 457 332 508 mandatum
358 464 396 510 est
420 461 482 510 mihi
501 464 666 527 praeceptoris
692 477 779 512 munus
804 463 830 511 in
854 462 985 526 gymnasio

192 547 266 598 huius
286 548 362 609 urbis,
382 565 430 614 quo
444 550 508 600 nihil
525 551 638 603 accidere
657 553 719 603 mibi
736 553 816 619 potuit
834 553 983 616 exoptatius.

191 639 253 689 Nam
271 654 327 690 oum
345 639 416 690 beate
433 641 495 690 mihi
515 656 611 706 semper
629 645 682 692 risa
699 644 732 692 sit
749 656 802 692 sors
813 655 896 692 eorum
906 641 986 690 horni-

191 743 257 787 num,
275 731 318 794 qui
337 732 457 782 iuventuti
474 732 610 782 litterarum
630 732 756 784 studiosae
774 746 872 797 operam
888 735 986 790 navant,

192 819 257 883 quod
276 820 302 870 id
321 836 399 885 genus
414 822 539 872 bominum
559 825 643 887 quieta
665 822 716 874 iere
735 827 759 874 et
778 821 902 887 aequabili
920 824 985 872 vitae

192 911 286 960 ratione
303 913 381 961 utitur
399 917 423 962 et
439 915 512 963 unice
531 915 558 962 in
577 913 665 964 litteris
684 913 818 964 tractandis
839 919 984 979 occupatum

191 1004 236 1060 est,
256 1005 307 1050 tum
326 1001 369 1052 illo
388 1005 545 1067 potissimum
556 1009 664 1069 tempore
674 1006 797 1054 iuniorum
815 1006 909 1054 animos
927 1004 982 1070 plu·

188 1092 265 1140 rimae
283 1091 315 1141 ed
335 1091 439 1142 docendi
457 1109 545 1144 munus
564 1094 731 1158 expetendum
749 1094 848 1146 allicere
871 1101 895 1146 et
914 1097 985 1146 exci-

191 1187 243 1233 tare
261 1182 382 1234 debebant
399 1187 599 1249 opportunitates.
626 1185 688 1236 Nolo
706 1185 820 1250 equidem
841 1188 866 1235 in
887 1193 983 1250 praete·

189 1275 251 1324 ritae
268 1276 356 1324 aetatis
375 1274 461 1324 laudes
480 1277 516 1324 ita
537 1291 675 1334 excurrere,
693 1281 720 1326 ut
738 1279 849 1341 ingratus
872 1292 928 1326 esse
946 1279 983 1326 vi-

190 1362 250 1412 dear
268 1363 386 1414 aduersus
404 1380 454 1424 eea,
475 1366 565 1429 quibus
587 1368 720 1417 novissimo
731 1373 839 1431 tempore
857 1365 932 1425 fruor,
946 1369 983 1417 ri-

191 1457 230 1504 tae
249 1455 433 1506 commoditates
456 1461 529 1520 atque
553 1458 741 1522 prosperitates,
773 1471 834 1521 quas
860 1458 984 1508 eiusmodi

191 1559 247 1595 esse
268 1544 355 1595 lubens
373 1544 495 1604 confiteor,
512 1551 539 1596 ut
556 1553 637 1611 spreto
647 1549 712 1597 omni
725 1547 842 1598 honorum
854 1547 985 1612 splendore

102 1681 105 1692 ,
190 1636 217 1684 in
235 1634 282 1684 hac
294 1637 367 1686 sortis
384 1637 553 1687 mediocritate
566 1637 632 1687 haud
643 1641 741 1702 grauate
754 1639 916 1703 acquiescam.
936 1637 986 1689 Sed
1072 1693 1075 1702 1

191 1741 222 1776 ne
240 1726 306 1776 idern
323 1741 367 1791 pro
386 1725 511 1778 beneficiis
532 1727 628 1792 pridem
652 1729 760 1793 acceptis
784 1731 895 1779 meritam
914 1728 984 1779 debi-

191 1821 290 1880 tamque
309 1819 413 1882 gratiam
429 1833 475 1869 non
494 1817 608 1868 retulisse
621 1819 697 1876 dicar,
715 1820 771 1883 ipsa
790 1821 909 1869 sermonis
919 1821 984 1870 serie

189 1907 293 1958 inducor
312 1907 350 1958 vel
371 1910 452 1972 potius
472 1907 597 1973 impellor,
621 1916 661 1967 ut,
684 1909 750 1973 quod
767 1908 814 1959 tibi
833 1923 930 1974 quoque
948 1909 985 1960 le-

191 2000 259 2063 genti
274 2014 320 2049 non
338 1998 499 2048 iniucundum
517 2001 571 2056 erit,
591 1997 697 2050 breviter
705 2000 832 2062 attingam,
849 2014 922 2064 quam
933 2001 985 2050 siu·

191 2103 246 2140 cero
264 2104 345 2140 amore
364 2089 492 2153 Augustus
516 2090 568 2139 dux
593 2089 688 2140 litteras
713 2093 827 2154 artesque
853 2089 984 2155 amplexus

190 2181 298 2243 sitque
322 2181 399 2229 animi
423 2181 585 2244 propensione
608 2179 727 2230 litteratos
751 2179 863 2232 homiues
888 2179 983 2232 foverit.

190 2269 304 2321 Prudens
323 2275 448 2334 praetereo
466 2270 512 2321 hoc
537 2270 590 2321 loeo
614 2286 656 2321 eas
669 2270 779 2335 Augusti
798 2271 908 2329 uirtutes,
928 2271 985 2336 qui·

191 2358 237 2410 bus
256 2361 370 2425 princeps
392 2362 515 2425 insignem
539 2377 566 2412 se
582 2360 709 2426 praebuit;
735 2375 819 2412 earum
846 2365 870 2410 et
891 2363 985 2412 iustum

188 2451 347 2516 praeconium
370 2449 414 2500 alii
438 2457 539 2515 egemnt
564 2457 588 2501 et
608 2456 634 2502 tu
653 2465 723 2502 uerus
748 2450 861 2502 laudator
877 2453 986 2503 extitisti

189 2539 215 2588 in
235 2537 310 2595 brevi,
329 2536 373 2588 sed
383 2537 475 2588 diserta
491 2537 522 2587 de
535 2539 588 2588 eius
601 2539 651 2591 vita
662 2539 822 2596 enarratione,
837 2551 910 2602 quam
922 2553 983 2604 pau-

191 2625 228 2675 cis
247 2622 335 2674 diebus
353 2629 409 2689 post
423 2626 477 2676 eius
498 2629 600 2675 mortem
618 2627 644 2674 in
663 2625 718 2690 ipsa
734 2623 826 2676 doloris
851 2623 984 2674 acerbitate

192 2711 307 2775 scriptam
326 2712 455 2761 inseruisti
473 2709 571 2768 libello,
589 2713 632 2775 qui
651 2713 782 2776 quotannis
806 2725 839 2761 ex
859 2710 906 2762 hac
924 2710 984 2762 urbe

190 2796 280 2862 prodit,
297 2797 321 2846 in
343 2811 391 2862 quo
409 2797 582 2862 principalium
599 2797 711 2863 Europae
728 2796 877 2848 familiarum
896 2811 983 2862 propa·

189 2883 260 2947 giras
277 2887 461 2943 enumerandum
485 2883 557 2934 verba
575 2898 630 2934 mea
651 2885 727 2935 iniis
752 2881 895 2942 continebo,
920 2897 984 2946 quae
