2212 3406
545 271 628 306 uvrrr

189 375 263 425 quem
281 359 515 425 Altenburgensium
540 365 658 410 terrarum
676 359 738 410 ditio
756 361 880 425 pervenit,
899 359 985 410 Altern-

188 451 293 515 burgum
321 451 525 515 commigravisti‚
550 449 592 499 ubi
619 465 706 501 novam
730 448 883 500 fortunarum
899 449 985 500 sedem

189 541 348 593 collocavisti.
385 539 446 591 Cum
464 542 534 591 novis
553 555 632 604 usque
649 539 782 591 honoribus
801 545 888 591 auctus
907 555 984 601 esses,

189 631 274 681 -da
297 633 344 682 hoc
372 629 455 688 fratri,
479 635 506 680 ut
533 645 564 680 ne
590 630 689 681 silentio
713 633 857 696 comprimat
875 630 941 695 quod
959 635 985 681 et

188 721 243 786 ipse
266 723 364 786 penitus
389 723 463 771 sentit
480 726 505 770 et
523 723 630 772 omniurn
649 736 770 772 consensu
787 719 928 772 confessum
947 725 986 772 est

188 837 223 850 -
241 826 338 876 semper
360 813 468 862 muneris
491 810 680 875 religiosissime
697 813 791 877 peracti
808 813 984 862 conscientiam

126 947 129 952 .
188 900 312 961 habuisti3
337 917 461 966 nunquam
479 903 589 967 opinioni
606 900 748 966 famaeque,
766 916 927 966 quaecunque
944 916 984 952 re·

188 1007 242 1042 rum
268 991 345 1042 subiit
370 991 516 1043 vicissitudo
539 997 563 1042 et
581 995 746 1052 commutatio,
765 993 915 1050 inseruisti,
939 1007 985 1042 nec

189 1097 296 1146 unquam
319 1085 459 1148 principum
483 1081 591 1134 favorem
614 1085 702 1148 petisti
719 1087 761 1134 aut
780 1083 851 1133 aulae
868 1082 984 1148 splendo-

187 1186 239 1222 rem
262 1177 361 1224 secutus
389 1188 423 1224 es.
466 1171 516 1233 Quo
540 1173 656 1232 effecisti,
679 1173 745 1238 quod
767 1188 822 1224 raro
845 1175 877 1224 iis
902 1175 983 1224 everrit

187 1265 231 1327 qui
265 1265 292 1312 in
329 1267 379 1313 tarn
416 1263 465 1313 alto
502 1263 631 1328 dignitatis
669 1264 722 1314 loco
761 1265 888 1315 constituti
919 1267 984 1321 111111,

188 1357 215 1402 ut
231 1368 315 1418 parem
333 1353 436 1404 haberes
452 1356 591 1420 principum
607 1356 712 1418 gratiam
732 1358 805 1418 atque
814 1355 906 1404 civium
915 1369 982 1404 amo-

186 1457 239 1493 rem
263 1449 287 1494 et
304 1449 331 1494 ut
347 1449 478 1508 utrumqne
496 1450 636 1495 constanter
653 1446 718 1495 omni
737 1449 846 1510 tempore
865 1457 982 1494 servares.

188 1533 224 1583 De
257 1539 375 1599 perpetua
404 1550 451 1586 nec
474 1550 582 1599 unquam
602 1537 744 1585 intermissa
765 1533 831 1599 apud
858 1535 983 1600 principes

187 1625 267 1687 gratia
281 1623 342 1688 quid
362 1623 440 1674 multa
460 1623 665 1676 commemorem?
697 1624 847 1684 blidericus,
866 1624 920 1675 dux
939 1623 984 1676 ille

188 1713 351 1772 venerabilis,
369 1714 517 1778 simulatque
538 1719 569 1773 11,
588 1713 670 1773 frater,
690 1717 802 1780 cognovit
819 1719 892 1778 atque
910 1713 984 1765 intel—

189 1803 259 1860 lexit.
278 1803 325 1854 tibi
343 1804 449 1854 confisus
469 1811 514 1862 est,
533 1803 579 1854 tibi
597 1821 623 1854 se
635 1804 755 1858 credidit:
774 1811 816 1855 tua
826 1807 985 1870 potissimum

188 1893 293 1945 consilia
311 1901 418 1950 secutus,
438 1909 493 1944 cum
512 1895 618 1959 primurn
636 1897 705 1958 regni
723 1895 789 1960 apud
801 1894 985 1959 Altenlourgeu-

188 2000 228 2036 ses
247 1984 340 2034 aditum
359 1984 425 2034 1111111
443 1984 542 2034 facilem
561 1984 669 2042 haberet,
684 1985 749 2050 quod
768 1987 901 2036 extinctam
916 1987 984 2050 prin-

189 2077 269 2140 cipum
292 2075 456 2126 Gothanorum
476 2074 576 2125 domum
592 2077 701 2126 maxima
718 2077 827 2126 omnium
838 2074 890 2126 fere
903 2091 985 2127 rerum

187 2171 271 2216 secuta
292 2167 419 2215 conversio
437 2171 496 2222 1111,
514 2164 583 2216 brevi
601 2165 690 2224 effecit,
709 2173 737 2216 ut
749 2181 795 2216 sua
806 2167 875 2217 novis
888 2165 984 2218 civibus

187 2255 295 2306 conditio
315 2270 362 2305 non
381 2255 515 2305 tolerabilis
534 2256 620 2314 modo,
646 2256 691 2308 sed
710 2263 779 2320 grata
795 2259 870 2308 etiam
889 2256 985 2307 ridere·

189 2352 228 2395 tur
251 2361 307 2396 esse
332 2353 356 2395 et
382 2352 409 2394 ut
427 2345 488 2396 bene
506 2360 590 2396 secum
608 2351 689 2396 actum
708 2361 764 2398 1111
783 2361 866 2398 omnes
885 2346 985 2398 conlite-

187 2441 277 2486 rentur.
314 2434 342 2484 In
365 2434 452 2485 eodem
481 2434 533 2485 loco
555 2433 626 2486 luisti
652 2435 718 2500 apud
735 2437 789 2486 eius
806 2435 879 2494 filios,
898 2437 942 2500 qui
960 2439 986 2486 et

187 2523 296 2587 paternis
311 2527 335 2572 et
351 2523 458 2586 propriis
479 2522 531 2571 suis
553 2520 684 2572 virtutibus
702 2523 830 2587 conspicui
844 2523 899 2586 pari
910 2521 984 2572 laude

186 2614 242 2673 post
265 2623 322 2658 eum
344 2621 447 2670 regnum
470 2607 634 2658 obtinuerunt.
671 2607 710 2658 Ac
731 2608 850 2673 Iosephus
874 2606 984 2672 quidem,

186 2697 229 2759 qui
256 2709 317 2745 unus
345 2693 427 2745 adhuc
449 2700 575 2760 superstes
594 2700 640 2752 111,
660 2721 684 2730 -
708 2699 732 2745 11
748 2701 775 2744 ut
795 2693 840 2744 diu
858 2701 984 2758 superstes

187 2783 228 2838 sit,
247 2782 377 2832 exanimo
396 2791 516 2847 optamus,
537 2807 570 2819 -
589 2787 627 2840 te,
645 2795 694 2845 qna
712 2785 749 2830 est
762 2781 863 2846 pietate,
884 2783 984 2846 apatre

185 2867 323 2918 hereditate
348 2861 420 2931 quasi
444 2873 572 2933 acceptum
596 2869 668 2920 unce
689 2865 814 2932 probatit3
838 2871 893 2932 post
914 2865 981 2932 apud
