2174 3400
527 287 530 296 ·
576 261 624 309 198

234 377 315 428 Habet
336 378 383 430 hoc
399 381 483 438 virtus,
502 391 529 430 ut
550 382 616 430 viros
632 379 707 430 fortes
722 381 820 444 species
833 382 897 430 eius
908 387 938 431 et
956 381 1017 446 pul-

200 467 314 519 chritudo
323 470 398 520 etiam
410 471 436 519 in
447 469 517 520 hoste
523 471 604 535 posita
609 471 715 522 delectet
722 470 774 521 Grc.
781 471 807 519 in
814 470 909 520 Pison.
919 474 965 530 22,
975 474 1015 521 32.

236 558 345 610 Perditis
363 559 436 610 rebus
461 559 574 610 omnibns
606 563 661 626 ipsa
689 563 767 612 virtus
800 575 829 610 se
859 565 1016 612 sustentare

201 663 275 714 posse
292 649 396 700 videtur.
586 649 865 716 G1c.Epist.adforn.6,
875 655 903 708 1,
913 656 943 710 4,

237 739 367 791 Acerrime
388 743 464 792 vinus
483 747 528 801 esi,
546 757 620 806 quern
638 741 726 792 ultime
743 743 880 792 nenessitas
915 747 1014 792 extun-

201 830 246 881 dit.
638 831 935 890 Sns.declem.l‚12‚5.

236 921 326 972 Nullus
344 924 506 987 perniciosior
525 923 603 974 hostis
625 933 671 981 est,
689 937 763 986 qnam
776 937 849 987 quern
877 923 1012 972 auderem

201 1013 330 1075 angustiae
347 1011 450 1071 faciunt,
475 1013 595 1076 longeque
619 1013 751 1064 violentius
776 1027 873 1077 semper
898 1028 939 1062 ex
965 1027 1011 1061 ne-

201 1104 397 1168 cessitatequern
406 1120 438 1155 ex
446 1105 670 1155 virtutecorruitur.
678 1103 888 1163 Snn.Queest.Net
897 1104 975 1162 259,
983 1106 1008 1152 5.

236 1192 362 1256 Ignavim
380 1196 514 1244 necessitas
537 1196 604 1244 acuit
628 1201 653 1244 et
680 1209 753 1259 saepe
778 1193 922 1258 desperatio
951 1195 1009 1258 spei

201 1298 276 1334 cause
294 1288 338 1334 est.
786 1283 930 1344 Ouur.5‚4.

235 1376 318 1426 Meter
337 1374 419 1424 timidi
429 1375 487 1425 flere
500 1390 546 1424 non
565 1374 635 1424 solet.
654 1374 725 1426 Corn.
733 1375 793 1425 Nur.
800 1373 929 1440 Thrasyb.
944 1376 970 1432 2,
978 1375 1004 1423 2.

411 1521 497 1557 Nullus
509 1522 584 1557 noctu
596 1522 782 1558 contemnendus.

177 1616 179 1618 ’
236 1612 278 1662 Nil
294 1614 346 1662 tuto
366 1612 392 1660 in
412 1609 483 1660 hoste
500 1607 649 1672 despicitur:
669 1621 744 1673 quem
762 1607 892 1672 spreveris
910 1606 1001 1658 valen·

202 1705 288 1753 liorem
302 1701 459 1765 neglegentia
475 1697 560 1749 facies.
784 1695 858 1748 Ourr.
869 1701 893 1756 6,
901 1700 928 1748 3.

429 1824 545 1860 Procoeton
561 1831 606 1858 non
619 1823 767 1860 credendum.

236 1914 312 1963 Neruo
331 1925 445 1974 umquam
465 1910 564 1974 sapiens
581 1909 702 1972 proditori
722 1907 872 1957 credendum
891 1909 996 1972 putarit.

599 1998 650 2050 (iio.
658 2001 685 2049 in
692 1999 762 2049 Verr.
771 2001 794 2056 2,
804 2003 825 2056 l,
836 2002 875 2055 15,
883 1999 923 2047 38.

236 2091 377 2142 Pieditoree
396 2093 469 2141 etiam
487 2092 526 2148 iis,
545 2105 606 2154 quos
625 2095 783 2154 anteponunt,
801 2089 877 2139 invisi
895 2091 960 2138 sunt

449 2179 629 2244 Verbechest.
637 2179 702 2244 opud
711 2179 771 2229 Tic.
779 2178 842 2228 Anu.
853 2180 923 2236 i‚58.

227 2323 252 2368 8.
265 2324 306 2367 De
319 2322 445 2367 victorie.
460 2322 501 2366 De
513 2323 588 2374 mae.
601 2321 642 2364 De
655 2321 753 2364 morte.
766 2319 808 2362 De
821 2319 966 2364 territurio.

518 2415 552 2450 De
564 2414 671 2452 victorie.

236 2498 317 2551 Genea
336 2499 407 2550 iubet
424 2499 511 2550 melior
529 2514 630 2564 superos
646 2514 746 2564 sperare
765 2497 893 2550 secundos.

405 2658 407 2664 y
736 2589 922 2646 Lucnn.'l‚349.

236 2681 311 2731 Nulla
327 2685 471 2746 perpetuom
484 2682 589 2743 gratiam
600 2685 687 2738 servet,
702 2681 750 2729 nisi
761 2678 872 2730 modesto
883 2678 992 2729 uictoria.

684 2769 923 2829 Qu1rr.Decl.9‚19.

236 2861 481 2913 Victorienetureest
487 2859 595 2910 insolens
602 2865 626 2911 et
633 2859 746 2925 superbe.
754 2858 851 2924 Gmpro
858 2859 960 2917 Marci,
968 2861 994 2915 9.
