2174 3400
483 293 531 338 177

186 440 226 484 13.
239 442 280 484 De
292 440 572 492 rerumpublicarum
589 439 829 485 conversionibus.

145 529 198 580 Non
216 541 253 580 ost
272 511 346 581 causa
363 531 536 587 conversionis,
555 529 599 579 ubi
617 531 643 578 in
667 545 711 580 suo
737 539 773 582 est
797 534 902 596 quisque

108 619 188 685 gradu
208 621 310 671 firmiter
328 621 469 671 conlocatus
487 626 511 670 et
530 635 576 670 non
596 619 681 671 subest
696 635 743 684 quo
758 625 903 688 praecipitet

109 717 135 762 et
152 711 258 762 decidat,
553 701 863 776 Gro.derep.1,45,69.'

146 799 209 854 Care
227 808 300 868 putes
320 809 362 852 aut
379 817 448 852 mare
465 801 544 852 ullum
562 807 604 852 aut
625 803 750 852 dammam
761 819 826 858 ,esso
847 809 901 854 tan-

108 897 167 952 tam,
187 908 261 958 quam
279 908 328 942 non
345 891 445 942 facilius
466 895 498 942 sit
516 893 604 943 sedare
625 908 698 957 quam
722 893 840 944 effrenata
863 897 901 945 in·

14 962 48 983 ⁵
110 983 215 1034 solantia
231 983 423 1034 multitudinem.
552 981 603 1033 Cro.
616 983 646 1034 de
653 999 703 1048 rep.
712 988 733 1042 1,
741 987 783 1042 42,
791 988 830 1034 65.

145 1073 263 1125 Civitates
293 1074 366 1123 malis
396 1073 486 1123 studiis
510 1073 633 1138 malisque
662 1075 779 1125 doctrinis
802 1081 901 1140 repente

109 1169 257 1216 evertuntur.
540 1164 830 1228 Oro.delegg.2,15‚39.

143 1256 197 1305 Non
216 1255 260 1304 diu
279 1259 359 1320 potest
380 1269 444 1318 quae
464 1255 597 1305 multorum
616 1255 681 1306 malo
705 1262 834 1307 exercetur
855 1272 899 1322 po-

109 1347 188 1396 tentia
208 1351 280 1396 stare.
583 1345 749 1404 8111111113,
759 1349 829 1406 16‚2.

143 1437 317 1501 Praepotentia
340 1438 445 1500 imperia
469 1438 603 1500 agitatione
625 1451 706 1488 rerum
730 1437 761 1488 ad
786 1440 900 1489 virtutem

11 1502 23 1604 ‘J‘
108 1526 286 1592 capessendam
304 1529 450 1586 excitantur,
470 1529 546 1576 nimia
570 1529 653 1592 quieto
670 1529 697 1578 in
718 1528 839 1578 desidiam
861 1543 900 1580 re-

108 1618 244 1670 solvuntur·
564 1618 798 1678 vindemiati,
808 1624 830 1669 1·

476 1758 530 1804 111.

145 1845 196 1890 DE
212 1845 348 1888 RERUM
367 1843 616 1888 PUBLIOARUM
633 1843 856 1890 GENERIBUS.

209 1931 232 1974 1.
246 1927 325 1980 Quae
336 1931 394 1974 sint
405 1939 499 1974 rerum
511 1931 684 1981 publicarum
695 1941 802 1982 genere.

145 2020 206 2072 llum
225 2036 300 2086 pones
319 2035 396 2069 unum
415 2025 453 2070 est
472 2021 580 2069 omnium
598 2035 693 2071 summa
709 2036 797 2081 rerum,
817 2037 900 2086 regem

108 2112 181 2161 illum
202 2125 277 2160 unum
295 2125 410 2161 vocamus
427 2115 452 2160 ot
470 2125 574 2174 regnum
592 2113 645 2162 cius
661 2113 697 2161 rei
716 2113 831 2176 publicae
849 2119 899 2164 sta-

108 2209 168 2253 tum.
205 2201 265 2252 Cum
285 2213 366 2251 autem
386 2207 423 2250 est
439 2215 514 2265 penes
534 2200 650 2261 delectos,
669 2209 720 2252 tum
742 2203 787 2253 illa
811 2205 899 2256 ciritae

109 2295 263 2359 optimatium
281 2291 383 2343 arbitrio
401 2293 455 2355 regi
476 2291 574 2342 dicitur.
611 2291 659 2342 1111
676 2298 757 2344 autem
776 2299 814 2345 est
837 2297 899 2348 oiri-

9 2438 14 2466 ,ἱ
108 2389 146 2434 tas
163 2383 298 2450 popularis,
318 2384 353 2434 sio
372 2383 437 2432 enim
455 2381 588 2446 appellant,
600 2384 625 2432 in
640 2397 688 2446 qua
699 2386 724 2433 in
735 2385 826 2449 populo
842 2391 899 2436 sunt

109 2477 198 2525 omnia.
549 2471 601 2524 Cro.
609 2473 699 2538 derap.
709 2477 780 2534 1‚26‚
788 2479 828 2526 42.

145 2617 170 2663 2.
183 2617 224 2662 Do
236 2617 313 2660 vitiis
326 2617 510 2670 questionum
524 2623 659 2666 generum
675 2613 733 2658 sint
745 2617 872 2668 propria.

142 2708 171 2758 ln
188 2709 272 2772 regnis
289 2709 363 2757 nimis
380 2710 495 2770 expertes
520 2709 576 2754 sunt
599 2705 677 2756 ceteri
701 2708 836 2756 communis
858 2709 898 2758 iu-

107 2801 142 2850 ris
162 2803 187 2850 et
204 2797 315 2858 oonsilii3
336 2803 361 2848 et
379 2799 406 2846 in
429 2797 583 2861 optimatium
605 2794 731 2844 dominatu
755 2797 797 2847 rix
820 2799 897 2862 parti·

109 2905 165 2956 ceps
183 2889 305 2942 libertatis
320 2893 402 2954 potest
420 2903 474 2939 esse
493 2886 632 2945 multitudo,
652 2899 708 2935 oum
727 2889 793 2936 omni
816 2890 897 2940 oonsi-

667 2974 698 3020 12
