2208 3402
559 216 592 264 58

216 332 295 390 Mors,
313 347 376 396 quaa
396 334 509 385 omnibus
529 335 643 387 luctuosa
656 335 762 395 videtur,
779 351 882 402 pausam
907 336 984 388 labo-

182 435 238 472 rum
255 421 337 473 adfert
353 429 378 474 et
397 425 593 476 sollicitudinum
616 431 641 477 ot
660 426 843 485 calamitatum,
866 428 984 478 miserri-

182 514 280 578 misque
298 528 427 580 corporum
445 515 551 567 vinculis
575 515 693 567 liberatos
717 518 750 568 ad
777 516 910 582 tranquilla
936 533 984 568 nos

182 608 207 656 et
226 618 328 654 amoena
345 611 370 655 et
388 604 501 656 omuibus
519 603 590 655 bouis
616 605 709 657 resarta
733 608 870 656 animarum
894 609 983 657 conoi-

181 690 276 742 liabula
292 693 436 744 transvehit.
598 693 724 757 l'uounop.
734 695 782 742 148
790 694 829 744 od.
837 691 906 743 Niob.

218 781 334 833 Omnium
345 797 427 834 rerum
433 798 497 833 mors
507 788 545 834 est
553 789 697 834 extremum.
708 783 759 835 Cic.
767 783 799 834 ad
806 783 863 832 fam.
872 786 895 841 6,
903 784 948 842 21,
958 787 982 832 1.

218 875 288 924 Mors
306 873 425 924 malorum
444 875 500 924 linis
522 881 567 934 est,
586 891 632 924 noo
648 877 752 926 saevitia
770 875 836 924 ultra
853 872 906 924 fata
919 887 984 938 pro·

183 959 257 1010 cadit.
647 959 856 1021 Qu1uu.Deol.12‚
867 963 905 1008 14.

217 1052 287 1100 Mors
303 1049 414 1100 dolorum
434 1052 542 1100 omnium
562 1051 685 1102 exsolutio
710 1057 748 1102 est
771 1056 796 1101 ot
819 1051 882 1108 linis,
911 1049 983 1100 ultra

182 1156 255 1206 quem
273 1140 338 1190 mala
354 1145 437 1190 nostra
454 1155 502 1190 nou
520 1149 618 1200 exuunt,
635 1154 699 1206 quae
716 1157 760 1192 uos
778 1143 805 1191 in
822 1140 891 1191 illam
910 1146 983 1190 tran-

182 1230 339 1296 quillitatem,
358 1232 384 1279 in
403 1245 452 1295 qua
469 1237 599 1294 autequam
618 1246 773 1284 nasceremur
789 1233 919 1288 iacuimus,
936 1243 981 1282 ro·

181 1318 257 1384 ponit.
509 1316 564 1367 Suu.
573 1318 701 1368 decousol.
709 1319 906 1376 adMaro.19,5.

218 1408 286 1457 Bona
305 1423 370 1458 mors
390 1412 428 1458 est
447 1409 533 1467 omnis,
551 1410 615 1459 vitae
631 1424 694 1474 quaa
712 1410 837 1472 extinguit
852 1408 923 1457 mala.

553 1479 629 1528 Puni.
640 1479 695 1528 Suu.
704 1481 736 1528 68
743 1495 767 1543 p.
776 1481 825 1528 265
834 1477 905 1528 Ribb.

216 1567 324 1619 vivendi
342 1567 398 1618 finis
417 1575 454 1619 est
473 1569 588 1632 optimus,
609 1584 665 1619 oum
683 1571 780 1633 integra
799 1573 881 1619 moute
909 1573 980 1618 oete-

182 1660 266 1722 risquo
286 1657 399 1708 sensibus
418 1674 480 1724 opus
496 1661 551 1724 ipsa
569 1674 640 1710 suum
659 1659 745 1710 eadem
766 1675 829 1724 quae
848 1673 981 1722 coagmen-

183 1750 245 1799 tavit
262 1753 350 1800 uatura
367 1749 488 1800 dissolvit.
631 1749 683 1801 G1o.
691 1749 744 1801 Cat.
751 1751 808 1800 mai.
817 1751 905 1808 21111.

220 1838 308 1904 Cogita
329 1847 448 1904 quantum
467 1839 523 1890 boni
541 1847 678 1906 opportuna
693 1855 758 1890 mors
775 1839 873 1899 habeat,
901 1854 978 1904 qnam

182 1929 268 1981 multis
275 1929 370 1980 diutius
377 1932 469 1981 uixisse
476 1929 593 1981 nocuerit.
604 1930 658 1981 Suu.
665 1930 697 1981 de
704 1946 769 1982 oous.
777 1931 809 1980 ad
815 1931 894 1980 Maro.
903 1933 943 1989 20,
951 1932 976 1980 4.

219 2020 287 2070 Mihi
305 2021 403 2072 videtur
419 2020 507 2072 acerba
525 2034 622 2086 sempor
640 2027 664 2072 ot
674 2023 798 2072 inmatura
808 2035 873 2070 mors
885 2034 978 2079 eorum,

183 2111 226 2176 qui
245 2110 374 2162 inmortale
390 2111 451 2176 quid
470 2116 563 2177 parant.
654 2111 906 2178 Pam.Epist.5,5‚4.

357 2237 420 2272 Ion
432 2245 478 2272 non
495 2238 596 2280 opt-ncta
607 2238 647 2273 aut
663 2237 803 2279 amanda.

217 2320 287 2372 Nihil
305 2321 367 2370 mihi
386 2320 485 2371 videtur
501 2324 598 2387 turpius
618 2336 692 2387 quam
709 2327 796 2386 optare
814 2325 924 2372 mortam.

649 2390 704 2441 Suu.
711 2391 791 2456 Epist.
801 2395 857 2450 111,
865 2393 906 2441 22.

216 2477 301 2530 Rebus
319 2479 346 2528 in
364 2481 477 2542 angustis
493 2480 569 2530 facile
586 2485 624 2531 est
644 2486 798 2532 contemnere
818 2483 907 2542 vitam

250 2569 356 2620 Fortiter
383 2569 428 2620 ille
455 2568 530 2630 facit,
561 2573 605 2634 qui
635 2573 711 2622 miser
735 2587 791 2624 ossa
818 2575 907 2637 potest.

646 2642 877 2700 Manu.ll‚5l,15.

388 2750 451 2786 lton
463 2751 594 2786 volutatam
605 2752 765 2794 improbanda.

216 2836 271 2888 Piis
290 2834 403 2888 omnibns
420 2835 564 2888 retinendus
582 2843 621 2888 est
636 2839 733 2888 animm
748 2839 775 2888 iu
792 2837 905 2890 custodia
923 2851 978 2888 oor·
