2208 3402
496 295 543 342 127

157 414 286 464 Neminem
305 427 382 479 prope
401 427 546 477 magnorum
565 416 670 465 virorum
690 417 808 479 optimum
828 419 853 465 et
870 417 921 465 uti-

121 505 172 554 lem
189 503 267 553 lilium
284 504 417 568 reliquisse
435 507 496 554 satis
514 505 599 555 claret.
624 504 901 569 Smersererpdsl.

350 616 384 651 Da
402 616 529 652 liberorum
544 617 689 652 educatione.

157 691 262 741 Gratum
280 689 408 753 estquod
426 689 523 752 patriae
542 689 620 737 civem
638 688 780 752 populoque
807 689 907 748 dedisti,

158 777 185 829 Si
204 777 274 835 fanis,
293 782 321 826 ut
339 779 434 840 patriae
454 774 615 832 allidamus,
634 773 706 824 utilis
725 777 800 838 agria,

156 867 231 919 Utilis
251 872 275 917 et
294 865 416 916 bellorum
435 872 459 916 et
476 867 546 929 panis
564 864 640 915 rebus
659 865 769 929 agendis.

156 958 298 1009 Plurimum
318 957 384 1006 enim
402 957 522 1014 intererit,
541 954 634 1019 quibus
659 954 755 1005 artibus
779 960 802 1006 el
829 955 920 1020 quibus

711 1045 776 1096 hune
794 1055 820 1097 tu

157 1137 271 1188 Moribus
283 1138 407 1187 instituas.
607 1137 689 1188 Iursu.
700 1136 749 1187 Sat.
761 1140 799 1195 14,
808 1141 847 1188 70.

157 1228 280 1279 Educatio
298 1229 431 1278 maximam
451 1225 607 1291 diligentiam
630 1227 816 1292 plurimumque
834 1227 920 1292 profu-

122 1323 203 1369 turam
222 1317 356 1369 desiderat.
392 1317 476 1369 Faeile
494 1322 532 1368 est
550 1319 616 1368 enim
638 1322 737 1368 teneres
761 1317 843 1368 adhue
866 1320 920 1368 ani-

122 1424 175 1460 mos
191 1423 351 1473 componere,
368 1407 504 1459 difficulter
521 1407 668 1458 reciduntur
693 1410 765 1466 vitia,
790 1424 854 1473 quae
875 1424 920 1459 no·

121 1499 218 1551 bissum
237 1506 376 1550 creverunt.
591 1497 646 1548 Ser.
657 1497 732 1548 deira
740 1501 762 1556 2,
772 1501 811 1556 18,
823 1502 845 1548 2.

155 1589 275 1641 Parentes
292 1589 464 1654 obiurgatione
480 1588 551 1652 digni
572 1595 642 1647 sunt,
660 1590 703 1653 qui
723 1589 809 1639 nolunt
828 1589 919 1641 liberos

121 1693 179 1730 suos
197 1695 284 1732 severa
302 1681 358 1744 lege
375 1679 501 1745 proficere.
652 1679 847 1734 Praetendens.

154 1771 256 1821 Pudore
277 1776 301 1820 et
317 1769 470 1820 liberalitate
488 1769 582 1819 liberos

156 1861 273 1912 Retinere
290 1862 368 1912 satius
389 1875 443 1910 esse
467 1860 541 1909 eredo
567 1875 640 1923 quam
664 1851 740 1910 metu.

555 1929 616 1978 Tne.
627 1929 735 1993 Adelph.
745 1933 767 1988 1,
777 1933 847 1989 1‚32.

349 2042 383 2076 Do
396 2040 540 2084 intimanda
551 2040 576 2074 in
594 2041 688 2075 llberos.

155 2114 255 2164 Utinam
273 2113 407 2163 liberorum
429 2115 566 2161 nostrorum
586 2126 666 2162 mores
684 2128 731 2162 non
756 2115 806 2178 ipsi
829 2115 918 2179 perde-

120 2215 201 2252 remus
204 2237 337 2250 ......
357 2198 444 2249 Mellis
467 2197 513 2250 illa
534 2199 661 2257 educatio,
686 2215 759 2264 quam
783 2200 918 2266 indulgen·

121 2294 179 2342 tiam
190 2304 314 2348 vocamus,
326 2305 415 2341 nervos
427 2303 511 2339 omnes
523 2294 547 2340 et
564 2291 652 2340 mentis
665 2295 688 2340 et
699 2292 808 2354 eorporis
818 2289 912 2356 frangit

564 2358 673 2418 Qururrn.
680 2359 749 2410 Insit.
759 2364 781 2419 1,
791 2363 814 2418 2,
822 2364 845 2410 6.

495 2451 590 2500 Matres
605 2464 690 2500 omnes
709 2449 767 2500 filiis

154 2541 184 2592 In
201 2544 304 2605 peceato
324 2540 466 2599 adiutriees‚
484 2540 578 2590 auxilio
597 2541 624 2590 in
641 2545 745 2605 paterna
763 2542 854 2591 iniuria

154 2631 240 2683 Solent
258 2645 320 2682 esse.
564 2631 880 2690 herselleauteaus,

152 2723 207 2774 Non
224 2723 324 2772 resistet
341 2720 453 2781 offensis,
472 2724 514 2773 eui
529 2721 594 2773 nihil
611 2735 728 2786 umquam
739 2725 855 2786 negatum
871 2726 917 2781 est,

122 2814 160 2864 eui
177 2812 292 2863 lacrimas
309 2811 417 2863 sollicita
435 2827 532 2879 semper
548 2818 626 2864 mater
643 2811 765 2862 abstersit.

600 2882 847 2940 Ssu.deira2‚2l,6.
