2174 3400
178 351 212 400 lio
232 353 354 400 communi
379 366 408 401 ao
432 354 553 415 potestate
580 353 675 410 oareat;
700 355 725 400 et
748 365 804 401 oum
828 352 918 400 omnia
947 366 994 416 per

179 441 296 506 populum
315 447 448 504 geruntur,
466 442 578 504 quamvis
596 442 688 490 iustum
714 446 788 506 atque
813 442 991 498 moderatum¹

180 537 261 582 tamen
280 535 335 597 ipsa
352 531 516 595 aequabilitas
536 541 573 581 est
591 533 684 595 iniqua,
705 547 761 582 oum
780 530 871 582 habeat
900 533 995 583 nullos

182 623 274 688 gradus
294 622 429 686 dignitatis.
631 620 779 688 Crederep.
790 626 912 681 1,31,47.

208 764 234 808 3.
247 763 365 808 Nullum
378 773 412 808 ex
424 763 459 807 iis
471 773 521 816 per
537 773 567 807 se
581 764 739 816 separatum
758 764 958 816 probandum.

216 854 308 904 Eorum
327 853 462 920 [generum]
489 853 584 903 nullum
610 856 692 920 ipsum
714 869 759 920 per
783 870 809 904 se
836 861 994 920 separatum

185 945 260 1010 probo
280 951 449 1008 anteponoque
468 945 574 1009 singulis
592 945 663 1003 illud,
684 945 749 1010 quod
773 946 906 996 conflatum
929 945 993 996 fue-

185 1037 218 1085 rit
236 1050 268 1086 ex
287 1035 407 1086 omnibus,
629 1035 777 1102 Crederep.
788 1039 907 1094 1,35,54.

412 1186 439 1228 4.
451 1185 493 1228 De
505 1185 647 1236 republica
659 1185 754 1230 iibere.

220 1276 274 1326 Non
289 1280 369 1341 potest
385 1273 446 1326 bene
469 1276 524 1339 geri
546 1274 689 1339 respublica
710 1276 844 1326 multorum
860 1278 991 1342 imperiis.

598 1365 699 1416 Goasra.
707 1367 766 1416 Ner.
775 1367 844 1417 Dion.
854 1370 877 1425 6,
885 1371 909 1416 4.

222 1457 297 1509 Nulla
313 1456 363 1506 alia
384 1456 534 1513 incivitate,
563 1457 612 1506 nisi
630 1458 657 1506 in
681 1471 744 1528 qua¹
758 1457 844 1522 populi
870 1462 990 1522 potestas

185 1565 280 1602 summa
298 1552 343 1606 est,
362 1545 443 1596 ullum
457 1545 610 1596 domicilium
628 1545 729 1597 libertas
747 1546 829 1605 habet,
848 1562 898 1611 qua
923 1549 985 1612 qui·

186 1641 243 1692 dem
262 1643 329 1689 eerte
350 1636 413 1686 nihil
423 1640 505 1701 potest
516 1651 570 1688 esse
579 1637 685 1688 duloius.
700 1635 751 1688 Oro.
759 1637 847 1702 derep.
858 1642 879 1696 1,
888 1641 932 1696 81,
941 1641 986 1687 47.

223 1750 249 1802 Si
267 1751 307 1800 ius
326 1763 397 1799 suum
415 1747 502 1813 populi
517 1753 629 1807 teneant,
652 1752 742 1814 negant
767 1751 899 1814 quiequam
926 1763 986 1800 esse

186 1841 358 1908 praestantius,
377 1837 487 1896 liberius,
508 1838 613 1898 beatius,
632 1840 725 1904 quippe
742 1841 787 1904 qui
812 1839 905 1889 domini
932 1842 987 1890 sint

186 1931 277 1996 legum,
296 1930 451 1987 iudiciorum,
470 1928 539 1989 belli,
555 1931 631 1995 pasis,
642 1929 778 1988 foederum,
793 1931 881 1994 eapitis
892 1932 985 1982 unius-

187 2024 314 2086 cuiusque,
330 2021 457 2084 pecuniae.
626 2017 716 2070 (lione
725 2035 777 2085 rep.
787 2023 809 2079 1,
817 2023 857 2078 32,
866 2022 906 2070 48.

221 2110 341 2164 Gonoordi
359 2109 451 2175 populo
470 2115 494 2160 et
513 2110 592 2160 omnia
603 2108 727 2160 referente
740 2111 772 2160 ad
784 2110 984 2164 incolumitatem

186 2207 211 2254 et
229 2201 261 2252 ad
279 2201 419 2252 libertatem
438 2214 507 2249 suani
525 2198 588 2250 nihil
607 2204 644 2250 est
658 2200 838 2260 inmutabilius‚
856 2201 920 2252 nihil,
940 2203 984 2252 fir·

184 2293 248 2344 mius
250 2329 332 2341 .....
351 2289 378 2340 Si
398 2291 517 2356 peounias
537 2292 638 2354 aequari
656 2307 705 2341 non
719 2291 808 2357 plaeet,
834 2293 857 2342 si
879 2293 984 2356 ingenia

185 2383 294 2433 omnium
312 2381 382 2446 paria
403 2395 457 2432 esse
480 2395 528 2431 non
547 2385 657 2446 possunt,
672 2383 728 2431 iura
751 2386 817 2432 eerte
840 2383 910 2447 paria
935 2383 982 2434 de·

183 2459 314 2524 bent'esse
337 2484 421 2522 eorum
446 2473 512 2523 inter
538 2486 578 2530 se,
604 2473 648 2536 qui
672 2477 730 2522 sunt
753 2474 819 2523 aives
842 2473 870 2522 in
891 2472 981 2524 eadem

185 2561 318 2630 repubiiea.
629 2561 906 2628 Gro.derep.1‚32,49.

219 2653 291 2704 Falso
316 2651 438 2704 libertatis
462 2653 610 2705 vocabulum
633 2652 774 2704 obtenditur
801 2653 832 2704 ab
856 2655 901 2712 iis,
932 2655 978 2718 qui

184 2745 299 2810 privatim
318 2743 458 2807 degeneres
475 2745 501 2794 in
519 2744 648 2810 publicum
665 2745 765 2794 exitiosi
775 2743 840 2794 nihil
857 2745 910 2810 spei
925 2745 976 2796 nisi

184 2848 229 2899 per
245 2833 382 2884 discordias
399 2834 498 2885 habent.
649 2833 856 2893 Tiorr.Ann.11‚
867 2838 905 2884 17.
