2174 3400
562 232 612 280 194

224 351 252 402 In
270 349 372 401 infamia
390 351 446 416 plns
464 367 556 416 poenae
576 353 689 402 ducimus
707 365 780 415 quam
800 353 828 400 in
849 359 950 402 morte.

644 440 728 500 Qurur.
737 441 799 490 lust.
811 445 836 499 6,
844 443 873 500 2,
883 445 930 493 23.

225 531 303 584 Omns
321 533 440 582 iniustum
465 531 614 596 supplicium
640 537 690 588 est,
716 530 781 594 quod
805 547 859 582 nnn
888 541 933 584 est
961 549 1003 584 ex-

189 627 270 674 nntunr
283 621 417 674 secundnm
428 621 516 685 legem.
535 620 618 680 Qurnr.
626 621 694 672 Deci.
703 624 752 671 305
760 637 783 686 p.
791 624 842 672 182
851 623 899 672 ed.
909 625 969 689 Bip.

221 713 276 764 Non
295 715 375 762 minus
391 713 498 776 principi
509 715 591 778 turpis
603 718 660 762 sunt
671 712 749 762 muita
766 711 913 776 supplicia,
926 729 1002 778 quam

188 803 285 854 medion
304 803 382 852 multa
400 800 494 854 funera.
626 801 796 853 Snudeciem.
809 805 890 860 1,24.
902 808 929 853 1.

567 936 602 980 V.

401 1015 451 1064 Dm
465 1020 591 1065 Buram
604 1021 654 1065 uu
667 1019 772 1064 Pseu.

499 1107 522 1150 1.
536 1106 577 1150 De
590 1108 672 1151 bello.

240 1229 242 1234 .
279 1197 346 1232 Bolis
357 1198 463 1233 hominen
475 1206 520 1233 non
532 1198 624 1234 donent.
650 1199 766 1233 Bellorum
778 1197 892 1232 iniuriae.

225 1278 314 1331 Omina
331 1282 400 1345 prius
419 1283 528 1346 experiri
546 1281 629 1333 verbis
648 1297 721 1346 (luam
746 1283 819 1330 armis
849 1283 999 1346 sapientem

762 1371 841 1422 deust:

620 1463 726 1512 Tnnrur.
735 1461 800 1512 Eun.
809 1465 831 1519 4,
841 1466 865 1519 7,
875 1466 921 1512 19.

224 1551 276 1602 Non
291 1551 368 1616 pudet
388 1551 508 1610 homines,
528 1555 684 1603 mitissimum
704 1567 791 1616 genus,
810 1553 926 1616 gaudere
937 1571 996 1606 san-

190 1643 265 1706 gnine
282 1641 375 1692 alterno
394 1648 419 1692 et
437 1641 505 1692 belin
529 1656 613 1706 gerere
638 1641 796 1705 gerendaque
821 1641 913 1693 liberis
943 1650 995 1696 tra-

189 1730 256 1790 dere,
274 1746 330 1782 sum
347 1733 453 1782 intense
471 1734 546 1783 etiam
564 1734 638 1782 mutis
655 1747 684 1782 an
700 1729 761 1781 feris
780 1747 829 1797 pax
846 1735 888 1782 sit.

668 1819 722 1872 Suu.
731 1823 809 1887 Epist.
822 1825 863 1880 95,
873 1827 917 1874 31.

224 1911 302 1962 Sileni
320 1913 388 1976 luges
406 1915 471 1962 inter
490 1927 563 1962 arma.
665 1911 717 1963 010.
725 1927 768 1978 pro
776 1913 865 1971 Miit,
875 1918 915 1964 10.

224 2003 375 2066 Prosperum
394 2019 424 2053 as
442 2002 505 2053 felix
527 2002 609 2052 senius

224 2093 309 2145 Virtus
328 2099 441 2152 vocatum
461 2091 571 2142 sontibus
589 2100 677 2157 parent
693 2092 755 2151 boni,

224 2183 267 2232 Ius
287 2188 323 2232 est
344 2184 368 2231 in
390 2185 471 2240 nimiu,
491 2183 606 2246 opprimit
626 2183 693 2245 lngus
710 2185 788 2234 timor.

206 2260 208 2263 '
614 2251 669 2302 Suu.
677 2254 815 2304 Herc.Fur.
824 2256 847 2311 2,
855 2256 913 2304 251.

224 2343 331 2393 Naturae
351 2343 405 2390 iura
424 2339 517 2390 bullum
531 2341 557 2389 in
578 2343 726 2391 contrarium
738 2348 823 2392 mutat.
843 2343 984 2404 Gunr.9,4.

405 2465 469 2506 Quos
482 2465 547 2500 belin
559 2467 707 2508 susoipiendn
719 2468 772 2503 nint.

225 2548 387 2615 Suscipienda
406 2547 473 2598 bella
491 2554 547 2600 sunt
566 2549 598 2600 ob
614 2565 669 2600 eam
686 2566 798 2609 oausam,
816 2560 843 2603 nt
867 2555 920 2604 sine
944 2557 985 2606 in-

186 2642 253 2692 iuria
272 2643 299 2690 in
317 2653 377 2704 pace
397 2640 499 2690 vivatur.
617 2640 669 2692 Orc.
681 2641 783 2693 denffin.
795 2647 912 2702 1,11,34.

221 2730 319 2782 Bnilum
335 2731 371 2779 ita
388 2731 544 2794 suscipiatur,
563 2736 590 2780 ut
609 2731 677 2782 aliud
695 2733 758 2782 nihii
777 2735 827 2784 nisi
844 2751 980 2800 paxquns-

188 2823 236 2872 sits
251 2820 370 2872 videntur.
619 2820 671 2872 Orc.
680 2822 780 2874 dnnffic.
791 2829 812 2882 1,
822 2827 862 2882 23,
871 2827 911 2875 80.
