2174 3400
574 287 623 335 190

233 403 262 454 ln
277 409 355 455 tetum
372 391 462 464 iurare,
482 407 530 456 nisi
546 405 590 457 ubi
607 421 708 458 necesse
727 411 772 464 θεῖ
790 407 859 470 gram
872 408 925 458 vire
947 421 994 471 pa·

196 507 253 545 rum
272 497 391 546 convenit.
630 495 919 556 Quiuu1n.1nst.9‚2,98.

233 584 342 636 Perlurfi
355 601 434 652 poena
452 587 537 638 divina
554 589 666 646 exitium,
684 587 791 638 humana
801 587 919 639 dedecus.

680 677 731 730 Cic.
742 677 844 744 delegg.
853 681 905 737 29,
913 681 957 730 22.

266 795 291 840 ὕ.
305 795 346 841 De
359 797 538 843 excusatione
550 799 664 850 peccati.
689 799 731 843 De
742 799 914 844 innocentia.

231 885 341 937 Puerum
365 891 433 938 actes
454 896 565 947 excusat,
589 888 707 940 feminum
733 905 815 947 sexus,
841 895 993 941 extraneum
1060 929 1061 960 3

196 976 307 1037 libertas,
326 977 487 1029 domesticum
506 977 672 1030 familiaritas.
702 979 955 1039 Snn.dcira8,24‚8.
1060 1025 1061 1032 ,

230 1067 344 1132 Angusta
377 1069 516 1120 innocentia
552 1073 589 1120 est
621 1070 652 1120 ad
681 1071 761 1134 legem
801 1070 889 1122 benum
928 1086 993 1122 esse.

195 1155 290 1218 Quanto
308 1159 383 1210 letius
401 1165 467 1225 patet
485 1159 623 1211 officiorum
641 1176 715 1226 quam
731 1163 793 1212 iun's
818 1162 917 1226 regule!

699 1230 754 1282 Suu.
764 1232 840 1282 deira
847 1235 870 1291 2,
879 1234 921 1291 28,
930 1235 955 1282 2.

229 1318 372 1370 Innocentis
380 1334 425 1384 per
433 1335 459 1372 se
466 1321 538 1371 valet.
549 1320 632 1380 Qemn.
639 1321 748 1373 Decium.
756 1325 806 1373 268
813 1339 837 1387 p.
846 1325 878 1374 89
886 1322 927 1373 ed.
934 1325 992 1389 Bip.

230 1409 301 1461 Nihil
319 1411 440 1476 estquod
458 1413 552 1469 timeas,
573 1415 594 1462 si
612 1413 727 1464 innocens
746 1419 791 1464 est.

496 1481 580 1541 Quum
589 1483 657 1533 Decl.
666 1485 716 1532 294
723 1498 747 1548 p.
758 1486 808 1534 154
815 1483 854 1534 cd.
861 1483 915 1548 Bip.

229 1569 375 1622 Securitatis
393 1587 483 1636 magne
500 1575 580 1638 portic
598 1573 646 1624 erit
663 1573 727 1624 nihil
745 1575 826 1638 iniqui
839 1572 931 1624 lacere.

672 1642 726 1694 Snn.
739 1643 819 1709 Epist.
828 1647 884 1701 105,
894 1647 916 1693 7.

228 1732 349 1796 Magnum
367 1736 405 1781 θεῖ
423 1733 575 1796 praesidium
590 1735 616 1784 in
633 1734 750 1798 periculis
768 1736 915 1784 innocentie.

565 1802 620 1854 Snn.
628 1801 710 1854 Gentr.
720 1808 750 1854 16
758 1821 781 1869 p.
790 1806 838 1854 207
846 1804 886 1857 ed.
894 1805 952 1869 Bip.

227 1893 282 1943 Non
301 1893 383 1942 emnia
399 1897 456 1943 sunt
475 1894 500 1942 in
518 1893 672 1958 eloquentia:
692 1901 729 1946 θεῖ
748 1895 871 1960 quaedam
884 1896 990 1960 iteper-

192 1983 280 2047 spicue
304 1983 403 2042 veritas,
428 1987 456 2033 ut
473 1999 528 2033 cnm
544 1984 669 2035 infirmare
686 1984 756 2036 nulla
774 2000 814 2036 res
830 1987 913 2050 possit.

658 2053 710 2106 Cic.
720 2053 852 2119 pchuint.
859 2057 899 2114 26,
907 2057 951 2106 80.

226 2140 312 2195 Verba
328 2143 453 2194 innocenti
469 2145 580 2208 reperire
598 2143 673 2196 facile
703 2151 748 2204 θεῖ,
772 2145 871 2196 modum
896 2146 989 2198 verbo-

190 2246 246 2284 rum
263 2235 354 2284 misero
368 2238 451 2284 tenere
469 2232 579 2285 difficile.
751 2235 825 2288 Ouum.
840 2239 863 2294 6,
873 2239 911 2287 10.

225 2323 279 2374 Non
298 2337 394 2389 semper
410 2324 522 2375 iudicum
540 2325 613 2390 culpa
629 2330 674 2385 θεῖ,
697 2341 754 2376 cum
775 2328 890 2379 innocens
913 2328 988 2380 dem-

190 2417 262 2465 natus
279 2416 332 2465 erit.
470 2413 671 2475 anmDeclcm.
681 2417 911 2484 tccpsseeussip.

407 2535 434 2580 6.
447 2535 488 2580 De
501 2537 590 2589 culpe.
615 2535 656 2582 De
668 2547 767 2590 poene.

525 2628 559 2664 De
572 2629 649 2671 culpa.

224 2709 355 2776 Proprium
373 2714 412 2762 θεῖ
429 2713 571 2764 nocentium
588 2713 719 2779 trepidare.
739 2711 794 2764 Snn.
804 2713 983 2780 Epist97,16.

224 2800 278 2850 Non
295 2801 397 2866 prodest
413 2801 492 2854 lutere
504 2803 671 2868 peccantibus,
691 2805 750 2869 quie
762 2804 857 2856 latendi
867 2806 942 2856 etium
960 2809 984 2858 ei

188 2887 336 2940 felicitatem
342 2890 443 2950 hebent,
452 2891 729 2945 fiduciamncnhebcut.
741 2893 796 2946 Suu.
803 2895 882 2960 Epist.
891 2898 932 2955 97,
941 2899 980 2948 13.
