2208 3402
570 271 603 320 80

227 393 345 443 Faciendi
375 393 470 457 aliquid
497 392 537 444 vel
559 407 607 442 non
630 391 739 443 faciendi
763 405 821 443 vera
842 391 905 441 ratio
931 405 993 442 cum

190 485 317 534 hominum
334 487 450 549 ipsorum,
470 491 521 534 tum
539 497 621 534 rerum
639 485 713 534 etiam
731 497 760 532 ac
787 486 923 546 temporum
950 497 994 531 ra-

189 576 256 626 tione
269 577 353 625 initur.
649 574 718 623 Purr.
725 573 807 638 Epist.
815 575 886 633 6,27,
894 575 918 621 4.

224 665 417 717 Deliberanduur
436 670 474 714 est
492 664 536 714 diu
557 663 623 728 quod
642 663 801 714 statuendum
820 668 858 713 est
874 663 964 714 semel,

454 755 529 804 Puan.
538 753 593 804 Sru.
603 757 651 804 116
658 772 682 819 p.
690 755 741 804 268
748 755 787 804 ed.
795 751 916 804 Ribbeck.

224 845 266 897 Ad
283 845 458 911 paenitendum
476 849 596 910 properat,
614 847 662 895 cito
679 847 723 909 qui
742 845 845 896 iudicat.

489 936 564 986 Poun.
575 936 630 987 Srr.
638 938 653 984 5
660 952 684 1000 p.
692 937 742 985 262
750 935 789 986 ed.
796 935 916 986 Ribbeck.

224 1027 376 1079 Posteriores
396 1028 564 1090 cogitationes,
590 1033 617 1076 ut
641 1029 718 1085 aiunt,
742 1028 903 1092 sapientiores
929 1043 992 1080 esse

189 1119 269 1170 solent
281 1117 412 1183 prioribus.

274 1207 917 1276 OrcPhiili,2,bexGraecoEuripid.iuHippol.:

297 1295 327 1348 αἱ
344 1295 467 1368 δεύτεραί
484 1313 541 1348 πως
563 1294 700 1367 φροντίδες
717 1294 875 1371 σοφώτεραι.

222 1393 298 1443 Nemo
317 1391 404 1440 doctus
422 1405 540 1454 umquam
556 1392 716 1440 mutationem
732 1392 831 1442 consilii
839 1393 988 1444 inconstan-

188 1483 247 1532 tiam
265 1481 331 1530 dixit
350 1495 414 1531 esse.
649 1480 701 1531 Cic.
711 1481 742 1531 ad
749 1481 801 1533 Att.
812 1485 851 1540 16,
859 1487 882 1540 7,
890 1485 914 1533 3.

224 1571 337 1637 Optimus
356 1576 395 1621 est
411 1576 497 1636 portus
514 1572 650 1636 paenitenti
668 1574 771 1622 mutatio
796 1573 903 1623 consilii.

676 1661 914 1722 tircPuiluaar.

323 1783 350 1826 8.
365 1783 435 1825 Suae
448 1781 549 1834 cuique
561 1780 637 1826 vires
649 1784 848 1835 respiciendae.

221 1875 250 1924 In
270 1873 382 1924 omnibus
402 1876 521 1938 negotiis,
549 1877 693 1939 priusquam
718 1876 876 1938 aggrediare,
910 1877 987 1927 adhi-

185 1965 267 2016 benda
288 1972 325 2016 est
343 1967 497 2030 praeparatio
515 1965 630 2028 diligens,
655 1964 708 2014 Orc.
716 1965 747 2015 de
754 1965 818 2016 offic.
828 1970 947 2025 1‚21‚73.

223 2055 280 2107 Sine
307 2058 395 2121 pennis
425 2057 507 2107 volare
540 2055 606 2105 haud
631 2054 705 2106 facile
734 2062 778 2107 est.

628 2147 803 2198 PonunPceu.
812 2151 836 2205 4,
844 2149 917 2205 249.

224 2239 374 2302 ibequenter
387 2239 462 2288 inrita
486 2243 524 2288 est
547 2240 602 2288 eius
627 2239 754 2297 voluutas,
781 2240 824 2304 qui
847 2253 895 2288 non
917 2252 982 2302 quae

185 2327 271 2380 facilia
296 2333 352 2378 sunt
379 2329 534 2392 aggreditur,
565 2329 609 2378 sed
636 2329 690 2380 vult
718 2327 805 2379 facilia
832 2344 888 2380 esse
916 2343 982 2392 quae

186 2433 319 2484 aggressus
337 2427 382 2469 est.
681 2418 735 2470 Suu.
743 2420 817 2470 deira
824 2423 847 2478 3,
857 2424 879 2476 7,
890 2422 911 2468 1.
1089 2417 1090 2475 i

220 2509 336 2570 Quotiens
355 2509 451 2572 aliquid
467 2507 603 2566 conaberis,
622 2512 647 2559 te
665 2510 740 2559 simui
755 2515 780 2560 et
794 2525 824 2561 ea
847 2524 911 2573 quae
935 2524 980 2574 pa-

183 2615 224 2652 ras
243 2599 383 2665 quibusque
398 2601 493 2664 pararis
508 2601 566 2665 ipse
585 2601 679 2649 rnctire.
696 2597 754 2650 Sur.
762 2600 793 2650 de
800 2601 838 2650 ira
845 2603 868 2658 3,
877 2603 900 2658 7,
908 2601 931 2650 2.

219 2690 261 2742 Ad
275 2671 330 2741 rem
347 2689 480 2754 gerendam
500 2691 544 2755 qui
561 2690 671 2748 accedit,
700 2695 785 2742 caveat
805 2705 836 2741 ne
856 2691 884 2740 id
906 2689 978 2741 modo

184 2781 331 2840 consideret,
350 2795 425 2846 quarn
442 2781 488 2831 ilia
505 2795 544 2832 res
562 2781 667 2831 honesta
683 2783 723 2840 sit,
743 2781 787 2831 sed
805 2783 880 2832 etiam
895 2785 923 2831 ut
933 2780 979 2830 ha-

184 2871 242 2924 beat
259 2871 384 2923 efficiendi
403 2871 559 2930 facultatem
585 2873 611 2921 in
630 2887 677 2936 quo
699 2873 753 2938 ipso
773 2871 978 2924 considerandum
