2174 3400
554 270 601 315 162

421 423 454 456 De
468 423 577 463 precibus
591 425 614 459 et
626 425 739 466 imperiis.

211 506 286 556 Nulla
305 521 344 556 res
363 508 444 556 carius
462 513 557 557 constat
573 523 646 571 quani
677 523 739 571 quae
764 507 879 572 precibus
898 515 990 574 empta

181 601 226 648 est.
654 597 707 646 San.
719 597 810 648 deben.
820 601 907 654 2,1,4.

214 688 296 739 Invisa
316 693 372 738 sunt
390 689 496 753 imperia
515 693 539 738 et
561 689 639 738 omnis
661 689 794 738 necessitas
819 691 909 751 gravis.

674 756 829 807 Sandoben.
840 762 946 816 3,19,4.

214 846 327 897 Potestas
346 863 394 897 non
415 847 493 896 solum
510 849 531 897 si
548 849 643 900 invitat,
667 847 710 896 sed
739 849 813 896 etiam
836 850 858 897 si
883 851 989 914 suppli-

337 911 351 940 '
690 941 737 992 cat
756 938 828 1000 cogit.

477 1008 591 1055 Mnenon.
599 1004 694 1055 Satura.
706 1009 728 1062 2,
738 1011 751 1054 7
762 1022 793 1055 ex
803 1007 908 1056 Graeco:

177 1091 207 1144 αἱ
214 1097 271 1144 τῶν
280 1091 422 1164 τυράννων
432 1091 528 1158 δεήσεις
536 1097 694 1163 μεμιγμέναι
703 1099 761 1144 ταῖς
771 1089 897 1163 ἀνάγκαις
909 1097 989 1150 εἰσίν.

214 1188 268 1236 Non
287 1192 344 1236 sunt
365 1202 458 1252 preces,
473 1185 516 1236 ubi
535 1185 641 1250 negandi
661 1185 763 1236 libertas
781 1201 828 1236 non
846 1193 891 1237 est.

526 1254 685 1314 QumnDecl.
695 1259 775 1320 2811).
786 1260 834 1306 135
842 1257 879 1306 ed.
887 1259 943 1322 Bip.
977 1253 979 1256 ’

430 1382 464 1416 De
477 1381 621 1424 indulgentia
633 1381 657 1415 in
670 1382 735 1416 alios.

213 1466 322 1516 Dextera
339 1467 472 1530 praecipue
493 1466 560 1529 capit
584 1464 738 1527 indulgentia
757 1471 857 1519 mentes,

250 1555 379 1621 Asperitas
399 1555 483 1604 odium
502 1569 623 1618 saevaque
641 1553 714 1604 verba
728 1563 815 1606 movet.

658 1622 728 1674 Ovio.
737 1625 768 1674 A.
777 1625 808 1675 A.
818 1627 841 1682 2,
852 1629 908 1674 145.

216 1715 414 1766 Pulcherrimum
436 1718 460 1764 et
475 1714 680 1764 humanissimum
697 1717 811 1765 existimo
828 1717 989 1766 severitatem
1078 1707 1079 1714 ¹

185 1808 373 1869 comitatemque
389 1807 501 1862 miscere,
521 1820 550 1854 ne
569 1804 614 1854 iila
631 1806 657 1853 in
675 1807 808 1864 tristitiam,
827 1805 888 1855 haec
899 1807 926 1854 in
938 1822 987 1870 pe-

182 1898 311 1948 tulantiam
327 1895 450 1960 procedat.
670 1895 740 1944 Pom.
747 1895 828 1960 Epist.
836 1897 907 1953 em.

216 1989 308 2038 Demus
328 1985 416 2036 alienis
437 1984 640 2034 oblectationibus
660 1987 763 2043 veniam,
781 1991 808 2034 ut
827 1987 916 2035 nostris
936 1988 988 2036 im·
1078 1983 1079 2008 i

181 2083 312 2144 petremus.
719 2075 910 2132 Id.ib.9,17,4.

215 2169 292 2218 Nemo
309 2168 340 2217 ad
359 2167 467 2216 dandam
490 2166 586 2216 veniam
610 2164 737 2215 difficilior
762 2171 812 2223 est,
844 2181 917 2229 quam
939 2169 988 2230 qui

181 2259 252 2309 illam
270 2262 354 2322 petere
374 2258 472 2321 saepius
494 2257 591 2304 meruit.
645 2255 909 2314 Snn.deciem.1‚6‚2.

214 2348 268 2412 Ego
286 2349 406 2412 optimum
436 2353 509 2410 atque
531 2345 759 2396 emendatissimum
774 2347 901 2403 existimo,
939 2350 986 2411 qui

183 2439 271 2490 ceteris
290 2435 455 2502 itassignoscit
477 2442 601 2500 tamquam
622 2437 676 2501 ipse
694 2437 815 2500 quottidie
831 2439 924 2501 peccet,
949 2439 988 2489 ita

183 2531 291 2595 peccatis
310 2527 423 2586 abstinet,
442 2532 566 2592 tamquam
586 2518 678 2576 nemini
695 2529 813 2591 ignoscat.

672 2597 740 2646 Punn.
749 2597 828 2660 Epist.
838 2598 861 2653 8,
870 2598 910 2645 22.

217 2688 287 2740 Nihil
306 2692 343 2738 est
363 2689 444 2737 minus
462 2687 591 2738 ferendum
617 2701 691 2751 quam
712 2689 831 2737 rationem
850 2686 880 2736 ab
907 2686 987 2739 altero

181 2781 247 2830 vitae
265 2792 391 2844 reposcere
408 2793 471 2836 eum.
490 2779 534 2842 qui
552 2793 600 2827 non
613 2780 692 2842 possit
712 2793 772 2827 suae
784 2777 894 2827 reddere.

638 2847 690 2898 Ono.
698 2846 801 2898 inGaec.
813 2847 861 2896 div.
871 2849 893 2904 9,
906 2848 946 2896 27.
