2174 3400
559 283 609 330 172

216 403 296 461 Errat,
315 404 338 454 si
356 405 413 468 quis
429 405 555 454 existimat
573 407 653 453 tntum
682 417 737 454 esee
761 403 797 453 ibi
820 417 925 467 regem,
948 403 1006 456 ubi

182 493 246 544 nihil
264 492 295 543 ab
314 507 372 558 roge
390 498 472 544 tutum
490 499 535 544 est.
625 492 797 544 Suadeolem.
807 495 915 552 1‚1e‚5.

217 583 288 634 Malo
302 585 351 635 rim
372 599 441 636 snam
460 589 570 650 potestas
588 583 693 634 aliorum
720 583 877 634 contumeliis
907 569 1004 649 expe-

182 675 252 732 ritur,
271 674 335 726 male
355 679 447 726 terrore
465 677 588 726 veneratio
612 675 766 738 adquiritur,
793 674 919 737 longeque
948 691 1003 726 va-

182 764 272 815 lentior
299 779 367 815 amor
381 764 413 815 ad
436 763 597 816 obtinendum
622 763 688 828 quod
710 763 773 815 reiis
796 779 871 828 quarn
897 766 999 816 timor:

102 855 106 862 '
182 870 240 906 nam
255 857 329 906 timor
345 855 404 913 ubit,
425 857 447 906 si
465 855 584 915 reoedas3
600 860 682 905 manet
700 869 774 913 amor,
794 870 823 904 ao
847 856 916 905 sient
941 855 998 906 ille

183 947 210 996 in
227 945 319 1004 odium
338 945 381 996 hio
398 947 424 996 in
442 947 603 998 reverentiam
623 947 732 996 vertitur.

643 1014 797 1080 Pnrn.Epist.
806 1015 829 1071 8,
837 1016 879 1071 24,
887 1017 912 1064 6.

220 1103 331 1156 Caritate
351 1111 375 1156 et
386 1105 655 1158 benevolentiaeivinm
673 1110 785 1170 saeptum
799 1109 897 1168 oportet
917 1119 991 1163 esse.

183 1211 234 1246 non
251 1197 334 1246 armis.
639 1193 765 1246 GrePhil.
774 1197 846 1253 244,
856 1197 914 1244 112.

220 1287 301 1336 Unum
321 1291 358 1336 est
378 1283 571 1352 inexpugnabile
594 1287 773 1335 munimentum
791 1299 859 1335 amor
882 1287 991 1335 civium.

624 1354 679 1405 Sne.
687 1355 795 1405 deelern.
807 1356 909 1412 1,19,6.

323 1473 348 1520 7.
364 1475 405 1519 De
418 1475 452 1518 iia
465 1475 515 1528 qui
527 1477 663 1526 praeeunt
675 1475 851 1526 reipublicae.

220 1567 342 1630 Magnum
360 1571 397 1615 est
417 1579 548 1630 personam
565 1567 591 1615 in
615 1564 743 1630 republica
772 1565 838 1616 tueri
854 1564 987 1628 principis,

186 1671 249 1722 qnae
267 1670 316 1706 non
333 1657 423 1706 animis
439 1655 519 1706 solnm
536 1654 617 1714 debet,
637 1655 773 1706 sedetiam
792 1653 871 1704 oeulis
890 1655 986 1704 servire

185 1747 284 1797 civium.
610 1745 662 1796 Gne.
670 1745 781 1810 Philipp.
789 1747 812 1797 8.
822 1747 862 1802 10,
870 1745 911 1793 29.

219 1835 266 1895 Qui
283 1834 434 1900 reipublicae
453 1833 590 1900 praefuturi
609 1841 674 1894 sunt,
700 1835 749 1885 duo
773 1834 884 1884 Platonis
911 1847 984 1898 prae·

185 1933 257 1992 nepta
276 1933 386 1976 teneant:
405 1941 489 1983 unum,
505 1933 533 1975 ut
550 1925 683 1976 utilitatem
702 1927 793 1976 eirinm
811 1927 847 1974 sio
859 1927 983 1990 tueantup,
1073 1951 1074 1982 1

185 2020 214 2066 nt
231 2031 401 2081 quaecumque
417 2022 494 2080 agunt
512 2017 543 2066 ad
563 2031 617 2066 eam
645 2015 753 2066 referant
780 2013 852 2065 obliti
876 2027 985 2064 commo·

187 2105 274 2157 dorum
292 2122 405 2166 snorum3
424 2107 537 2165 alterum.
555 2113 583 2157 ut
609 2112 686 2157 totum
712 2120 801 2170 eorpus
827 2101 985 2168 reipublicae

186 2204 279 2256 curent,
298 2213 328 2248 ne
349 2197 408 2248 dum
426 2201 520 2262 partem
538 2196 648 2261 aliquam
673 2201 780 2255 tuentur,
803 2196 912 2259 reliquas
937 2193 983 2244 de-

186 2295 277 2338 serant.
638 2286 691 2338 (lm.
699 2287 730 2337 de
741 2285 780 2336 off.
791 2288 862 2344 nte,
870 2287 911 2335 85.

221 2377 284 2428 Boni
312 2377 422 2441 malique
443 2377 507 2428 nihil
530 2383 575 2436 est,
598 2377 664 2442 quod
688 2379 714 2427 in
738 2377 862 2428 diversum
888 2375 985 2425 nadnei

90 2498 93 2507 ν
105 2445 125 2523 ἡ,
188 2473 294 2532 nequeat
304 2465 414 2518 moribus
423 2469 625 2532 praesidentium.
651 2465 745 2518 Anaua.
752 2467 824 2518 V1cn.
832 2464 933 2540 tfflaes.
943 2468 982 2516 13.

223 2557 250 2609 Si
267 2557 329 2622 quid
346 2559 475 2622 iniungere
494 2556 608 2608 inferiori
625 2557 695 2616 velis,
721 2557 748 2606 id
771 2559 840 2622 prins
856 2558 882 2606 in
906 2561 930 2606 te
953 2570 982 2605 ae
1073 2539 1074 2544 ¹

188 2649 244 2695 tuos
263 2645 286 2694 si
305 2645 359 2710 ipse
376 2645 439 2693 iuris
458 2645 583 2701 statueris,
602 2642 703 2694 facilins
723 2657 807 2692 omnes
825 2641 981 2692 oboedientes
1073 2695 1074 2708 ἵ

188 2731 288 2782 habeas.
760 2728 913 2785 er.26,86.

223 2817 300 2868 Nemo
318 2831 403 2882 regere
421 2821 510 2882 potest,
529 2817 577 2864 nisi
607 2817 650 2880 qui
674 2820 697 2865 et
725 2816 785 2879 regi.

661 2883 715 2935 sne.
726 2883 758 2933 de
764 2885 831 2940 irai,
842 2887 881 2941 15.
889 2886 912 2932 4.
