2212 3406
552 285 570 317 X

170 373 289 435 perpetua
306 369 475 422 observatione
500 371 632 422 colebatur.
688 370 715 422 Si
738 385 801 434 quae
826 369 876 420 sibi
897 383 973 419 causa

169 461 264 516 iniusta
282 460 413 520 videretur,
432 477 486 512 eam
505 477 553 512 non
571 461 737 527 suscipiebam
754 464 895 524 susceptam
915 473 972 508 ase

171 565 201 600 ac
218 548 343 613 probatam
368 549 464 600 fortiter
486 566 515 602 ac
537 556 635 602 strenue
662 551 763 615 agebat,
794 565 840 600 nec
864 547 972 608 curabat,

171 638 231 688 dum
247 639 306 690 fidei
324 656 353 690 ac
369 641 482 705 religioni
509 641 676 701 satisfaceret,
703 644 726 691 si
745 641 809 691 forte
827 645 972 704 praepoten-

170 734 219 780 tem
238 731 381 782 incivitate
399 731 525 782 hominem
543 731 676 782 offenderet
694 735 737 781 aut
754 730 870 780 laederet.
907 728 971 780 Con-

170 820 280 872 sulentes
304 836 353 872 non
373 827 468 872 tantum
493 822 610 881 consilio,
640 836 724 872 verum
748 822 822 871 etiam
847 834 874 869 re
898 825 972 883 atque

171 909 236 961 facto
260 911 366 962 iuvabat.
423 913 484 962 Tam
509 913 643 976 singularis
660 914 686 962 in
709 927 738 962 eo
756 911 891 977 ponebatur
908 911 971 962 tides

170 1001 280 1066 adeoque
295 1001 325 1051 ab
344 1001 456 1053 omnibus
476 1003 654 1067 agnoscebatur
670 1004 746 1052 animi
763 1002 854 1052 candor
873 1007 897 1051 et
917 1001 972 1050 ofli-

170 1093 238 1142 ciosa
252 1092 372 1151 voluntas,
396 1098 424 1142 ut
442 1121 476 1128 —
498 1108 512 1142 o
534 1107 614 1142 raram
631 1094 721 1142 nostris
744 1092 832 1142 diebtn
851 1091 972 1156 simpliei-

170 1183 259 1232 tatem!
285 1211 319 1218 -—
351 1183 391 1234 vel
415 1184 448 1241 ii,
472 1184 515 1247 qui
545 1183 603 1232 lites
634 1182 751 1234 adversus
783 1197 839 1232 eum
864 1187 972 1245 agerent,

169 1272 227 1338 plus
245 1273 322 1322 semel
343 1272 427 1332 librae,
445 1272 535 1336 quibus
554 1274 581 1321 in
600 1287 645 1322 sua
668 1273 765 1322 scilicet
781 1287 856 1322 causa
874 1279 972 1321 uteren-

169 1366 216 1422 tur,
240 1378 272 1412 ex
295 1365 489 1414 instructissima
513 1365 566 1413 eius
590 1362 742 1412 bibliotheca
763 1369 788 1412 et
811 1369 922 1428 peterent
947 1367 972 1412 et

169 1453 316 1517 acciperent.
353 1454 473 1504 Veritatis
490 1468 597 1503 amorem
619 1457 644 1502 et
669 1451 846 1518 professionem
863 1454 972 1503 omnium

169 1541 275 1593 ducebat
295 1544 412 1594 virtutum
429 1545 628 1607 antiquissimam
646 1547 671 1592 et
688 1544 866 1605 gravissimam.
911 1543 971 1592 Pro·

169 1631 210 1683 cul
229 1632 260 1682 ab
279 1635 344 1682 omni
362 1631 491 1683 verberum
518 1633 635 1682 iactantia
659 1647 721 1696 quae
744 1634 793 1698 ipsi
811 1633 972 1698 displicerent

167 1722 245 1772 multa
268 1737 325 1772 cum
349 1721 463 1772 libertate
485 1723 511 1771 in
537 1722 595 1772 aliis
617 1721 728 1781 notabat,
758 1723 802 1773 sed
820 1729 870 1773 tam
888 1729 971 1788 aperto

168 1814 264 1871 ammo,
287 1819 315 1862 ut
340 1814 384 1876 qui
408 1813 462 1862 eins
487 1812 560 1864 verba
584 1827 657 1876 aegre
675 1812 750 1864 ferret
768 1815 888 1863 neminem
906 1815 971 1864 exti-

168 1904 229 1953 tisse
246 1905 360 1952 sciamus.
402 1902 550 1966 Ceteroquin
568 1905 593 1952 in
619 1902 680 1954 alios
705 1918 806 1967 aequus,
825 1918 924 1954 severus
945 1906 972 1954 in

168 2007 195 2043 se
213 1997 265 2042 tum
283 1993 381 2042 demum
401 1993 603 2052 excandescebat,
622 2008 677 2043 cnm
698 2001 839 2058 susceptam
857 1992 972 2044 fraudem

168 2082 262 2133 videret
285 2089 327 2132 aut
343 2084 458 2132 iniuriam
479 2083 536 2133 aliis
554 2083 649 2133 illatam
666 2082 877 2134 animadverteret.
928 2085 970 2136 Sic

169 2171 266 2224 vivebat
284 2174 399 2231 emnium,
418 2174 461 2236 qui
478 2188 532 2222 eum
551 2181 677 2224 noverunt.
694 2172 863 2224 benevolentia
880 2175 970 2224 floren-

167 2251 287 2320 tissimus,
305 2264 379 2312 etiam
396 2277 488 2321 eorum,
506 2265 549 2326 qui
568 2277 614 2312 non
627 2264 767 2312 inteliorem
786 2266 840 2314 eius
857 2266 970 2314 notitiam

164 2351 294 2411 habebant,
312 2354 447 2403 reverentia
464 2352 553 2402 cultus
580 2352 706 2404 Virtutum
725 2368 823 2404 suarum
843 2356 969 2404 conscien-

166 2445 202 2492 tia
219 2441 298 2494 fretus
317 2457 465 2507 quamquam
484 2457 573 2492 munus
593 2458 639 2492 non
657 2445 778 2508 petiverat
796 2460 840 2494 nec
860 2457 967 2508 unquam
1037 2491 1039 2498 ,

78 2577 86 2598 s
105 2594 111 2602 ,
165 2529 270 2594 gratiam
288 2529 434 2592 cuiusquam
453 2530 618 2592 quaesiverat,
638 2537 727 2588 tamen,
746 2530 812 2593 quod
824 2532 867 2594 qui
885 2532 909 2580 ei
920 2523 967 2610 bn-

108 2605 117 2621 ⁸
165 2616 219 2666 neri
243 2614 417 2679 praeficeretur
440 2629 489 2664 non
513 2614 610 2678 dignior
632 2621 745 2679 repertus
774 2623 812 2666 cst
835 2616 917 2676 ullus,
942 2617 970 2666 id

166 2701 276 2752 muneris
296 2701 319 2750 ei
337 2699 401 2750 ultro
420 2699 584 2759 deferebatur,
608 2707 644 2760 ut,
663 2715 727 2766 quae
751 2701 810 2754 fisco
829 2705 968 2768 suscipien-

163 2786 209 2838 dae
229 2792 312 2836 esseut
332 2801 429 2846 causae,
448 2801 489 2836 eas
508 2788 575 2852 apud
600 2787 695 2838 iudices
723 2793 813 2852 ageret.
865 2788 935 2849 Quod
954 2806 969 2840 a

163 2874 247 2925 musis
266 2871 368 2936 agendis
387 2872 510 2937 reliquum
530 2878 583 2924 erat
600 2879 696 2940 tempus
714 2873 857 2926 liberalibus
876 2876 967 2927 studiis
