2212 3406
558 271 591 318 24

171 423 219 475 que
236 413 381 462 auctoritate
400 413 499 462 nitatur.
536 411 649 464 ineuntis
668 414 733 463 enim
757 415 848 464 aetatis
874 414 977 465 inscitia

171 515 259 553 senum
278 503 451 554 constituenda
470 508 494 555 et
513 504 623 569 regenda
640 504 774 570 prudentia
792 510 837 556 est.

582 595 635 646 Orc.
643 595 674 647 de
687 595 751 647 offic.
762 600 784 655 1,
794 601 835 655 34,
846 599 903 646 122.

205 684 308 752 Semper
326 702 415 752 magno
425 689 525 753 ingenio
538 688 711 739 adulescentes
726 687 868 738 refrenandi
886 704 902 738 a
918 687 973 752 glo-

170 777 209 826 ria
227 791 301 840 quam
319 779 402 843 potius
419 779 540 829 incitandi
553 778 663 832 fuenmt.
693 777 972 843 Orcprctiaeltldtt.

204 865 403 934 Quotusquisque
431 869 629 921 adulescentium
654 873 791 920 nostrorum
831 869 871 920 rel
898 869 976 919 aetati

169 957 272 1010 alterius
289 959 329 1010 vel
348 961 489 1010 auctoritati
512 964 541 1010 ut
558 962 638 1011 minor
662 959 749 1011 cedit?
794 959 882 1010 Statim
906 960 973 1024 sapi-

169 1052 222 1107 unt,
241 1051 324 1100 statim
340 1052 422 1101 sciunt
439 1053 528 1109 omnia,
545 1058 669 1102 neminem
686 1057 816 1109 verentur,
844 1052 973 1101 imitantur

169 1141 292 1190 nemiuem
310 1145 385 1206 atquc
402 1143 452 1208 ipsi
464 1142 513 1193 sibi
524 1142 639 1208 exempla
650 1147 714 1193 sunt.
733 1143 802 1192 Pnrn.
810 1141 857 1207 Ep.
865 1143 889 1199 8,
898 1143 939 1199 23,
948 1143 971 1192 3.

394 1292 420 1336 3.
433 1293 475 1337 De
487 1293 630 1338 constanti
650 1294 746 1339 aetate.

202 1380 357 1435 visroncia
374 1384 428 1434 viri.
653 1385 725 1436 Srar.
735 1383 813 1436 Theb.
823 1387 897 1442 3,62.

204 1472 258 1522 Non
280 1475 374 1524 sentire
391 1473 457 1523 mala
474 1489 520 1524 sua
537 1490 586 1524 nou
605 1479 643 1526 est
661 1475 776 1535 hominis,
795 1486 820 1526 et
839 1491 886 1526 non
905 1473 973 1526 ferre

170 1577 220 1614 non
238 1567 276 1613 est
294 1565 348 1614 viri.
513 1564 712 1616 Snn.Gonsol.ad
728 1565 817 1633 Polyb.
828 1569 900 1624 36‚2.

204 1654 259 1704 Non
276 1659 314 1704 est
332 1659 502 1705 ornamentum
514 1655 584 1708 virile
596 1657 755 1707 concinnitas.
774 1660 814 1706 Id.
823 1657 869 1723 Ep.
882 1659 939 1714 115.
948 1659 972 1707 2.

444 1807 471 1850 4.
490 1807 531 1851 De
548 1807 698 1853 senectute.

203 1895 266 1961 Hoc,
285 1899 352 1963 quod
370 1901 484 1950 senectus
502 1902 608 1954 vocatur,
629 1899 836 1962 paucissimorum
853 1899 973 1950 circuitus

169 2001 296 2038 annorum.
523 1987 901 2046 Ser.decons.adMarc.ll,5.

206 2076 325 2130 Senectus
343 2079 516 2145 crepusculum
531 2081 576 2136 est,
595 2077 662 2143 quod
681 2078 785 2142 longum
795 2093 849 2130 esse
867 2093 915 2130 non
928 2093 973 2145 pc-

173 2172 229 2219 test.
588 2169 683 2219 Fnorro
690 2185 713 2234 p.
721 2169 822 2220 ested.
830 2169 901 2220 Nieb.

207 2260 284 2310 Nemo
302 2265 412 2311 nostrum
430 2259 497 2311 idem
515 2261 593 2312 estin
611 2265 752 2318 senectute,
772 2261 816 2323 qui
833 2259 882 2310 luit
903 2261 976 2313 iuve-

173 2352 221 2402 nis.
660 2349 901 2414 senupisttere.

417 2441 542 2498 Senectus,
565 2443 587 2492 si
605 2441 641 2492 nil
660 2442 793 2506 quicquam
811 2439 879 2490 aliud
892 2442 938 2492 viti

206 2529 332 2598 Adpcrtes
350 2535 438 2589 tecum,
458 2545 514 2582 cum
532 2531 641 2590 advenis,
661 2545 739 2588 rmum
756 2531 784 2582 id
803 2536 843 2582 sat
860 2537 906 2590 est,

206 2621 276 2682 Quod
292 2621 337 2672 diu
353 2621 457 2673 vivendo
475 2621 561 2681 multe.
578 2637 642 2686 quae
661 2637 710 2672 non
727 2621 785 2680 volt,
798 2621 872 2674 ridet.

460 2711 562 2764 Gnncrr.
570 2713 637 2778 apud
647 2712 699 2765 Gic.
718 2712 750 2762 dc
768 2726 822 2771 sen.
829 2714 852 2770 8,
862 2713 903 2762 25.

207 2801 327 2853 Senectus
347 2804 403 2868 ipsa
421 2807 459 2855 est
478 2802 587 2854 morbus.
637 2803 697 2854 Ten.
705 2803 839 2860 Phorml,
849 2805 870 2859 1,
879 2805 902 2852 9.

207 2891 325 2944 Senectus
342 2894 490 2946 insanabilis
502 2893 602 2946 morbus
614 2897 658 2947 est.
677 2894 732 2945 Snn.
741 2893 821 2959 Epist.
831 2894 888 2951 108,
898 2895 940 2944 28.
