2208 3402
516 282 550 328 45

170 403 258 456 Formo
276 407 342 457 viros
360 405 473 470 neglecto
490 405 569 455 donet.
612 403 682 456 Orrn.
689 405 721 456 A.
728 405 759 456 A.
770 409 857 464 l‚509.

171 495 225 548 Sint
239 496 327 562 procul
344 513 359 546 a
376 496 447 548 nobis
464 499 566 548 invenes
585 503 614 548 nt
631 497 724 548 femina
741 500 845 564 compti:

203 588 263 638 Fine
274 588 323 638 ooli
333 587 429 639 modico
439 587 518 638 forma
527 587 607 640 virilis
616 593 688 638 emet.
707 587 778 640 Ovrn.
785 589 844 639 Her.
852 592 876 648 4,
884 591 925 640 75.

169 679 224 730 Non
240 677 396 730 deformitate
414 680 522 744 corporis
539 678 654 730 foedatur
672 681 782 738 enimus,
808 679 853 730 sed
869 679 927 745 pnl-

134 767 275 820 ohritndine
292 769 368 818 animi
385 783 473 834 corpus
493 775 599 818 ornetur.
636 769 690 820 Sin.
697 770 777 836 Epist.
786 773 826 829 66,
834 773 858 819 4.

168 859 254 910 Potest
270 861 397 924 ingenium
407 858 569 909 fortissimum
582 875 611 911 so
623 859 794 911 beatissimum
805 859 851 911 sub
865 875 927 926 qun-

134 949 196 1000 libet
214 955 270 1000 oute
287 949 372 1001 latere.
632 949 687 1001 Snn.
694 951 774 1016 Epist.
783 955 823 1010 66,
833 956 854 1002 1.

390 1067 416 1110 4.
431 1065 471 1108 De
484 1067 666 1111 vestimentis.

168 1153 278 1221 [Nature]
295 1171 372 1206 unum
394 1157 555 1206 animantium
578 1162 721 1208 cunctorum
747 1158 836 1209 alienis
859 1158 925 1210 volnt

133 1243 228 1310 opibus,
247 1248 335 1297 ceteris
354 1249 421 1298 vorle
438 1253 581 1312 tegumenta
598 1247 692 1306 tribuit,
711 1253 795 1306 testas,
814 1250 926 1307 cortines,

132 1337 224 1401 spinas,
243 1337 322 1395 villos,
341 1343 419 1395 setas,
435 1338 513 1403 pilos,
530 1338 653 1403 plumam,
676 1353 777 1404 pennos,
800 1353 924 1402 squamas,

131 1426 240 1486 vellera3
257 1431 357 1479 truncos
375 1430 450 1479 etiam
468 1428 615 1493 arboresque
623 1429 726 1488 'oortioe
743 1427 867 1480 interdum
878 1443 925 1493 ge-

132 1517 206 1576 mino,
222 1533 237 1567 a
254 1516 389 1582 frigoribus
406 1523 431 1570 et
449 1519 530 1570 calore
548 1523 627 1570 tutata
640 1524 685 1570 est.

514 1589 857 1653 Pnrn.Nat.Hist.iprooem.

166 1676 252 1729 Vestis
272 1677 372 1743 frigoris
389 1679 530 1745 depellendi
548 1695 623 1730 oense
639 1684 736 1746 reperta
758 1680 851 1744 primo,
868 1681 924 1743 post

132 1767 245 1818 adhiberi
262 1774 349 1834 coepta
367 1770 453 1820 estad
472 1775 583 1821 ornatum
605 1772 679 1821 etiarn
704 1770 811 1834 conponis
835 1772 861 1820 et
883 1767 923 1818 (li-

132 1860 257 1922 gnitatern.
546 1859 852 1917 Oro.de0rat.3,38‚155.

166 1949 277 2002 Mundae
294 1951 370 2002 vestis
388 1950 476 2001 electio
493 1950 632 2016 adpetenda
648 1954 686 2000 est
705 1949 806 1998 homini.

611 2019 664 2070 Srn.
673 2019 753 2083 Epist.
762 2019 802 2074 92,
812 2019 851 2066 12.

167 2108 246 2173 Saepe
263 2117 301 2160 est
319 2111 394 2160 etiarn
412 2109 458 2159 sub
474 2109 575 2174 palliolo
595 2107 693 2158 sordido
713 2108 841 2172 snpientia.

409 2177 852 2243 (insonnapudOro.l‘nso.3,28‚56.

166 2268 333 2320 stultissimus
352 2271 450 2334 estqui
472 2269 596 2320 hominem
620 2273 666 2319 aut
682 2283 715 2320 ex
733 2273 802 2320 veste
826 2272 869 2318 out
891 2281 924 2318 ex

131 2359 287 2418 condicione,
317 2375 380 2425 quae
407 2361 483 2412 vestis
508 2359 580 2410 modo
604 2359 675 2410 nobis
700 2357 852 2410 circumdato
876 2361 923 2420 est,

131 2452 251 2502 aestimat.
612 2449 851 2516 Snn.Epist.ll‚16.
924 2450 928 2456 '

444 2572 470 2616 ὅ.
483 2570 525 2616 De
538 2571 609 2616 elbo.

166 2658 227 2710 Cibo
246 2675 294 2725 quo
314 2665 385 2712 utare
409 2663 528 2713 interesse
552 2661 648 2725 aliquid
672 2659 704 2710 ad
727 2659 817 2710 mentis
841 2657 919 2707 aciem

129 2755 224 2814 Piliam·
507 2750 857 2807 Cro.dennt.deor.2,16‚48.

164 2839 228 2891 Esse
247 2847 341 2906 oportet
357 2849 386 2896 ut
403 2845 480 2901 vivas,
496 2857 545 2894 non
562 2846 644 2897 vivere
660 2848 689 2893 ut
705 2843 771 2895 edas.

518 2910 767 2970 Conimsdllerenn.
774 2923 798 2977 4,
806 2919 847 2969 28.
