2174 3400
494 275 541 324 149

366 429 664 471 comminorare.

152 513 258 571 Eorum,
277 516 321 578 qui
345 511 425 564 futuri
451 519 522 572 sunt,
545 513 666 564 iudicium
691 521 729 565 est
752 516 836 566 verius
867 513 911 566 ob-

114 605 263 654 trectatione
281 608 306 654 et
323 603 495 655 malevolentia
512 603 650 654 liberatum,

418 693 470 746 Grc.
478 695 510 745 ad
516 694 597 754 Quint
606 695 681 744 Fratr.
693 699 840 754 1‚1‚15‚43.

154 786 249 835 Minuit
266 787 405 850 praesentia
422 784 521 836 samam.
558 785 889 837 Guauo.debell.(lild.385.

391 913 425 947 De
437 911 506 946 laude
519 913 545 950 et
556 912 638 956 gloria.

155 997 238 1048 Gloria
256 1002 293 1047 est
311 995 428 1062 frequens
448 995 479 1047 de
496 997 579 1062 aliquo
600 996 740 1047 lamecum
759 997 840 1049 laude.

586 1085 875 1147 Grc.deinv.2‚55,166.

156 1180 239 1230 Gloria
256 1186 293 1228 est
313 1178 468 1229 consentiens
486 1177 540 1226 laus
558 1177 688 1237 bonorum,
705 1179 847 1244 incorrupta
865 1195 912 1231 vox

118 1269 183 1321 bene
201 1269 364 1320 iudicantium
382 1269 413 1319 de
433 1267 565 1319 excellenti
582 1269 687 1326 virtute.
709 1283 740 1319 ea
764 1271 851 1320 virtuti
872 1284 912 1320 re·

119 1367 190 1412 sonat
207 1367 330 1425 tamquam
350 1361 439 1423 imago.
475 1359 541 1419 Quae
562 1361 620 1422 quia
638 1365 705 1410 recte
723 1359 843 1410 laetorum
859 1359 913 1426 ple·
968 1349 972 1354 ’

118 1466 224 1516 rumque
243 1465 325 1501 comes
343 1455 388 1507 est,
406 1465 453 1499 uon
473 1455 510 1500 est
528 1448 598 1500 bonis
616 1451 676 1500 viris
687 1449 846 1515 repudianda.
866 1451 915 1502 Illa

120 1547 210 1600 autem,
228 1556 291 1606 quae
312 1556 339 1590 se
364 1542 417 1590 eius
441 1541 597 1590 imitatricem
617 1555 672 1590 esse
699 1540 762 1598 volt,
784 1543 914 1592 temeraria

120 1637 196 1698 atque
213 1633 395 1682 inconsiderata
412 1635 437 1681 et
457 1629 601 1696 plerumque
619 1637 774 1696 peccatorum
786 1633 913 1682 vitiorum·

121 1739 169 1788 que
190 1724 314 1772 laudatrix
346 1719 412 1772 lama
440 1721 566 1787 popularia¹
593 1721 749 1772 simulatione
778 1722 914 1773 honestatis

120 1813 225 1865 formam
247 1815 301 1864 eius
325 1812 586 1877 pulchritudinemque
609 1813 752 1878 corrumpit.

614 1901 666 1953 Orc.
674 1903 748 1953 Tusc.
756 1907 779 1961 3,
788 1905 810 1961 2,
819 1907 843 1952 4.

156 1995 238 2044 Gloria
259 1997 374 2045 virtutem
393 2001 517 2059 tamquam
533 1993 621 2044 umbra
645 1994 764 2057 sequitur.

616 2062 842 2121 1d.ib.1,4t‚109.

423 2154 537 2204 Laudato
553 2155 631 2204 virtus

157 2243 252 2296 Crescit
270 2251 294 2295 et
311 2245 448 2296 inmensum
466 2245 546 2309 gloria
563 2243 644 2294 calcar
663 2243 746 2295 habet.

547 2333 732 2386 OrumexPout.
741 2337 764 2393 4,
772 2335 842 2393 235.

158 2425 290 2476 Tuahimur
308 2440 392 2476 omues
417 2425 499 2475 laudis
522 2425 604 2475 studio
629 2431 653 2475 et
677 2428 784 2489 optimus
808 2425 913 2489 quisque

123 2517 229 2567 maxime
246 2517 326 2579 gloria
343 2516 450 2567 ducitur.
561 2514 842 2580 Orc.proArch.ll‚26.

157 2607 291 2670 Postquam
308 2595 428 2696 desiimus
448 2605 531 2658 facere
549 2606 679 2664 laudanda
697 2606 793 2656 laudari
815 2619 914 2668 quoque
991 2625 1022 2690 ’,ν

123 2698 232 2762 ineptum
250 2704 374 2761 putamus.
606 2697 843 2761 Purr.Epist8‚21.

157 2787 225 2838 Vera
242 2787 297 2838 laus
312 2790 355 2838 uui
373 2790 458 2839 virtuti
475 2787 586 2838 debetur.
607 2786 659 2838 Gro.
670 2787 766 2836 decrat
774 2788 797 2844 2,
805 2788 913 2844 satra.

157 2877 247 2928 Ardua
253 2891 297 2942 per
303 2892 419 2944 praeceps
425 2877 504 2941 gloria
511 2878 578 2928 vadit
583 2879 638 2928 iter.
648 2875 718 2927 Ouo.
727 2877 912 2935 miscuero.
