<?xml version="1.0" encoding="UTF-8"?>
<!DOCTYPE html PUBLIC "-//W3C//DTD XHTML 1.0 Transitional//EN"
    "http://www.w3.org/TR/xhtml1/DTD/xhtml1-transitional.dtd">
<html xmlns="http://www.w3.org/1999/xhtml" xml:lang="en" lang="en">
 <head>
  <title>
</title>
<meta http-equiv="Content-Type" content="text/html;charset=utf-8" />
  <meta name='ocr-system' content='tesseract 3.04.00' />
  <meta name='ocr-capabilities' content='ocr_page ocr_carea ocr_par ocr_line ocrx_word'/>
</head>
<body>
  <div class='ocr_page' id='page_1' title='image "./promptuariumsen00seyfgoog_0032.png"; bbox 0 0 2212 3406; ppageno 0'>
   <div class='ocr_carea' id='block_1_1' title="bbox 484 265 558 302">
    <p class='ocr_par' dir='ltr' id='par_1_1' title="bbox 484 265 558 302">
     <span class='ocr_line' id='line_1_1' title="bbox 484 265 558 302; baseline 0 0"><span class='ocrx_word' id='word_1_1' title='bbox 484 265 558 302; x_wconf 81' lang='lat' dir='ltr'><strong>xxm</strong></span> 
     </span>
    </p>
   </div>
   <div class='ocr_carea' id='block_1_2' title="bbox 122 352 926 2929">
    <p class='ocr_par' dir='ltr' id='par_1_2' title="bbox 122 352 922 1056">
     <span class='ocr_line' id='line_1_2' title="bbox 124 352 919 423; baseline -0.005 -15"><span class='ocrx_word' id='word_1_2' title='bbox 124 357 322 423; x_wconf 66' lang='lat' dir='ltr'><strong>osmnsaemngis</strong></span> <span class='ocrx_word' id='word_1_3' title='bbox 332 374 347 408; x_wconf 81' lang='lat' dir='ltr'><strong>e</strong></span> <span class='ocrx_word' id='word_1_4' title='bbox 357 355 486 408; x_wconf 83' lang='lat' dir='ltr'><strong>iutouobis</strong></span> <span class='ocrx_word' id='word_1_5' title='bbox 496 359 561 414; x_wconf 85' lang='lat' dir='ltr'><strong>runt,</strong></span> <span class='ocrx_word' id='word_1_6' title='bbox 579 369 653 418; x_wconf 80' lang='lat' dir='ltr'><strong>quem</strong></span> <span class='ocrx_word' id='word_1_7' title='bbox 668 355 695 404; x_wconf 86' lang='lat' dir='ltr'><strong>iu</strong></span> <span class='ocrx_word' id='word_1_8' title='bbox 708 352 919 418; x_wconf 70' lang='lat' dir='ltr'><strong>aliquamdiutur·</strong></span> 
     </span>
     <span class='ocr_line' id='line_1_3' title="bbox 123 443 920 510; baseline -0.005 -12"><span class='ocrx_word' id='word_1_9' title='bbox 123 450 366 500; x_wconf 73' lang='lat' dir='ltr'><strong>mutemconcessee.</strong></span> <span class='ocrx_word' id='word_1_10' title='bbox 383 446 508 498; x_wconf 86' lang='lat' dir='ltr'><strong>Fridericc</strong></span> <span class='ocrx_word' id='word_1_11' title='bbox 515 459 612 510; x_wconf 84' lang='lat' dir='ltr'><strong>quoque</strong></span> <span class='ocrx_word' id='word_1_12' title='bbox 619 451 737 508; x_wconf 74' lang='lat' dir='ltr'><strong>regnante</strong></span> <span class='ocrx_word' id='word_1_13' title='bbox 743 443 836 494; x_wconf 81' lang='lat' dir='ltr'><strong>nullum</strong></span> <span class='ocrx_word' id='word_1_14' title='bbox 843 449 920 494; x_wconf 77' lang='lat' dir='ltr'><strong>artem</strong></span> 
     </span>
     <span class='ocr_line' id='line_1_4' title="bbox 123 534 921 601; baseline -0.005 -11"><span class='ocrx_word' id='word_1_15' title='bbox 123 537 196 590; x_wconf 83' lang='lat' dir='ltr'><strong>mobis</strong></span> <span class='ocrx_word' id='word_1_16' title='bbox 202 537 311 590; x_wconf 83' lang='lat' dir='ltr'><strong>defuisse</strong></span> <span class='ocrx_word' id='word_1_17' title='bbox 318 537 446 589; x_wconf 72' lang='lat' dir='ltr'><strong>fatendum</strong></span> <span class='ocrx_word' id='word_1_18' title='bbox 458 541 503 596; x_wconf 83' lang='lat' dir='ltr'><strong>est,</strong></span> <span class='ocrx_word' id='word_1_19' title='bbox 523 551 585 601; x_wconf 77' lang='lat' dir='ltr'><strong>quae</strong></span> <span class='ocrx_word' id='word_1_20' title='bbox 592 534 631 586; x_wconf 86' lang='lat' dir='ltr'><strong>rel</strong></span> <span class='ocrx_word' id='word_1_21' title='bbox 638 535 671 586; x_wconf 79' lang='lat' dir='ltr'><strong>ud</strong></span> <span class='ocrx_word' id='word_1_22' title='bbox 680 536 788 586; x_wconf 73' lang='lat' dir='ltr'><strong>civitatis</strong></span> <span class='ocrx_word' id='word_1_23' title='bbox 799 536 883 586; x_wconf 86' lang='lat' dir='ltr'><strong>liorem</strong></span> <span class='ocrx_word' id='word_1_24' title='bbox 895 540 921 586; x_wconf 92' lang='lat' dir='ltr'><strong>et</strong></span> 
     </span>
     <span class='ocr_line' id='line_1_5' title="bbox 122 625 920 694; baseline -0.004 -16"><span class='ocrx_word' id='word_1_25' title='bbox 122 631 310 694; x_wconf 74' lang='lat' dir='ltr'><strong>prosperitatem</strong></span> <span class='ocrx_word' id='word_1_26' title='bbox 329 628 368 680; x_wconf 85' lang='lat' dir='ltr'><strong>rel</strong></span> <span class='ocrx_word' id='word_1_27' title='bbox 385 629 417 678; x_wconf 78' lang='lat' dir='ltr'><strong>erl</strong></span> <span class='ocrx_word' id='word_1_28' title='bbox 431 628 568 679; x_wconf 76' lang='lat' dir='ltr'><strong>litterarum</strong></span> <span class='ocrx_word' id='word_1_29' title='bbox 591 627 736 692; x_wconf 79' lang='lat' dir='ltr'><strong>dignitatem</strong></span> <span class='ocrx_word' id='word_1_30' title='bbox 761 631 786 676; x_wconf 87' lang='lat' dir='ltr'><strong>et</strong></span> <span class='ocrx_word' id='word_1_31' title='bbox 804 625 920 692; x_wconf 78' lang='lat' dir='ltr'><strong>amplitu-</strong></span> 
     </span>
     <span class='ocr_line' id='line_1_6' title="bbox 123 716 922 784; baseline -0.003 -14"><span class='ocrx_word' id='word_1_32' title='bbox 123 719 211 770; x_wconf 87' lang='lat' dir='ltr'><strong>dinem</strong></span> <span class='ocrx_word' id='word_1_33' title='bbox 228 719 310 770; x_wconf 82' lang='lat' dir='ltr'><strong>velere</strong></span> <span class='ocrx_word' id='word_1_34' title='bbox 328 719 459 770; x_wconf 83' lang='lat' dir='ltr'><strong>videretur.</strong></span> <span class='ocrx_word' id='word_1_35' title='bbox 484 717 561 778; x_wconf 81' lang='lat' dir='ltr'><strong>Quem</strong></span> <span class='ocrx_word' id='word_1_36' title='bbox 577 719 681 782; x_wconf 73' lang='lat' dir='ltr'>gratiosi</span> <span class='ocrx_word' id='word_1_37' title='bbox 699 717 765 784; x_wconf 79' lang='lat' dir='ltr'><strong>apud</strong></span> <span class='ocrx_word' id='word_1_38' title='bbox 783 732 839 768; x_wconf 88' lang='lat' dir='ltr'><strong>eum</strong></span> <span class='ocrx_word' id='word_1_39' title='bbox 854 716 922 768; x_wconf 86' lang='lat' dir='ltr'><strong>docti</strong></span> 
     </span>
     <span class='ocr_line' id='line_1_7' title="bbox 123 807 921 874; baseline -0.008 -12"><span class='ocrx_word' id='word_1_40' title='bbox 123 811 237 862; x_wconf 86' lang='lat' dir='ltr'><strong>homines</strong></span> <span class='ocrx_word' id='word_1_41' title='bbox 262 815 357 869; x_wconf 87' lang='lat' dir='ltr'><strong>essent,</strong></span> <span class='ocrx_word' id='word_1_42' title='bbox 381 815 472 874; x_wconf 73' lang='lat' dir='ltr'><strong>quanto</strong></span> <span class='ocrx_word' id='word_1_43' title='bbox 495 811 522 860; x_wconf 93' lang='lat' dir='ltr'><strong>in</strong></span> <span class='ocrx_word' id='word_1_44' title='bbox 545 809 637 860; x_wconf 82' lang='lat' dir='ltr'>honore</span> <span class='ocrx_word' id='word_1_45' title='bbox 660 807 754 868; x_wconf 78' lang='lat' dir='ltr'><strong>habiti,</strong></span> <span class='ocrx_word' id='word_1_46' title='bbox 780 808 921 859; x_wconf 88' lang='lat' dir='ltr'><strong>cumomni</strong></span> 
     </span>
     <span class='ocr_line' id='line_1_8' title="bbox 123 897 920 966; baseline -0.006 -14"><span class='ocrx_word' id='word_1_47' title='bbox 123 907 234 966; x_wconf 85' lang='lat' dir='ltr'><strong>tempore</strong></span> <span class='ocrx_word' id='word_1_48' title='bbox 255 901 414 960; x_wconf 74' lang='lat' dir='ltr'><strong>ostendisset,</strong></span> <span class='ocrx_word' id='word_1_49' title='bbox 432 905 484 950; x_wconf 92' lang='lat' dir='ltr'><strong>tum</strong></span> <span class='ocrx_word' id='word_1_50' title='bbox 502 915 548 966; x_wconf 88' lang='lat' dir='ltr'><strong>per</strong></span> <span class='ocrx_word' id='word_1_51' title='bbox 563 905 615 950; x_wconf 85' lang='lat' dir='ltr'><strong>tres</strong></span> <span class='ocrx_word' id='word_1_52' title='bbox 632 915 717 957; x_wconf 80' lang='lat' dir='ltr'><strong>annos,</strong></span> <span class='ocrx_word' id='word_1_53' title='bbox 734 897 825 963; x_wconf 86' lang='lat' dir='ltr'><strong>quibus</strong></span> <span class='ocrx_word' id='word_1_54' title='bbox 842 899 920 963; x_wconf 87' lang='lat' dir='ltr'><strong>impe-</strong></span> 
     </span>
     <span class='ocr_line' id='line_1_9' title="bbox 124 989 674 1056; baseline -0.005 -13"><span class='ocrx_word' id='word_1_55' title='bbox 124 994 193 1043; x_wconf 86' lang='lat' dir='ltr'><strong>rium</strong></span> <span class='ocrx_word' id='word_1_56' title='bbox 211 992 324 1050; x_wconf 81' lang='lat' dir='ltr'><strong>obtinuit,</strong></span> <span class='ocrx_word' id='word_1_57' title='bbox 344 991 483 1042; x_wconf 81' lang='lat' dir='ltr'><strong>luculenter</strong></span> <span class='ocrx_word' id='word_1_58' title='bbox 502 989 674 1056; x_wconf 80' lang='lat' dir='ltr'><strong>comprobavit.</strong></span> 
     </span>
    </p>

    <p class='ocr_par' dir='ltr' id='par_1_3' title="bbox 124 1079 924 2130">
     <span class='ocr_line' id='line_1_10' title="bbox 161 1079 921 1148; baseline -0.004 -16"><span class='ocrx_word' id='word_1_59' title='bbox 161 1083 192 1132; x_wconf 93' lang='lat' dir='ltr'><strong>In</strong></span> <span class='ocrx_word' id='word_1_60' title='bbox 207 1083 255 1134; x_wconf 91' lang='lat' dir='ltr'><strong>hoc</strong></span> <span class='ocrx_word' id='word_1_61' title='bbox 271 1084 383 1148; x_wconf 83' lang='lat' dir='ltr'><strong>principe</strong></span> <span class='ocrx_word' id='word_1_62' title='bbox 399 1083 510 1132; x_wconf 81' lang='lat' dir='ltr'><strong>extincte</strong></span> <span class='ocrx_word' id='word_1_63' title='bbox 533 1087 571 1132; x_wconf 91' lang='lat' dir='ltr'><strong>est</strong></span> <span class='ocrx_word' id='word_1_64' title='bbox 589 1080 676 1131; x_wconf 89' lang='lat' dir='ltr'><strong>domus</strong></span> <span class='ocrx_word' id='word_1_65' title='bbox 693 1080 784 1130; x_wconf 90' lang='lat' dir='ltr'><strong>ducum</strong></span> <span class='ocrx_word' id='word_1_66' title='bbox 798 1079 921 1130; x_wconf 79' lang='lat' dir='ltr'><strong>Gothano·</strong></span> 
     </span>
     <span class='ocr_line' id='line_1_11' title="bbox 124 1169 921 1237; baseline -0.008 -12"><span class='ocrx_word' id='word_1_67' title='bbox 124 1187 181 1224; x_wconf 88' lang='lat' dir='ltr'><strong>rum</strong></span> <span class='ocrx_word' id='word_1_68' title='bbox 202 1179 226 1224; x_wconf 90' lang='lat' dir='ltr'><strong>et</strong></span> <span class='ocrx_word' id='word_1_69' title='bbox 244 1171 488 1237; x_wconf 85' lang='lat' dir='ltr'><strong>Altenburgeusium,</strong></span> <span class='ocrx_word' id='word_1_70' title='bbox 508 1173 560 1236; x_wconf 91' lang='lat' dir='ltr'><strong>qui,</strong></span> <span class='ocrx_word' id='word_1_71' title='bbox 578 1187 635 1222; x_wconf 92' lang='lat' dir='ltr'><strong>cum</strong></span> <span class='ocrx_word' id='word_1_72' title='bbox 652 1186 771 1222; x_wconf 80' lang='lat' dir='ltr'><strong>summum</strong></span> <span class='ocrx_word' id='word_1_73' title='bbox 789 1171 858 1234; x_wconf 87' lang='lat' dir='ltr'><strong>regni</strong></span> <span class='ocrx_word' id='word_1_74' title='bbox 877 1169 921 1220; x_wconf 80' lang='lat' dir='ltr'><strong>ed·</strong></span> 
     </span>
     <span class='ocr_line' id='line_1_12' title="bbox 125 1261 922 1328; baseline -0.005 -14"><span class='ocrx_word' id='word_1_75' title='bbox 125 1263 283 1315; x_wconf 72' lang='lat' dir='ltr'><strong>ministrandi</strong></span> <span class='ocrx_word' id='word_1_76' title='bbox 301 1263 405 1328; x_wconf 76' lang='lat' dir='ltr'><strong>gloriam</strong></span> <span class='ocrx_word' id='word_1_77' title='bbox 422 1265 449 1313; x_wconf 93' lang='lat' dir='ltr'><strong>in</strong></span> <span class='ocrx_word' id='word_1_78' title='bbox 464 1261 564 1313; x_wconf 87' lang='lat' dir='ltr'><strong>tuendis</strong></span> <span class='ocrx_word' id='word_1_79' title='bbox 576 1264 646 1327; x_wconf 82' lang='lat' dir='ltr'><strong>pecie</strong></span> <span class='ocrx_word' id='word_1_80' title='bbox 663 1261 757 1312; x_wconf 79' lang='lat' dir='ltr'><strong>artibus</strong></span> <span class='ocrx_word' id='word_1_81' title='bbox 774 1263 922 1326; x_wconf 84' lang='lat' dir='ltr'><strong>posuissent,</strong></span> 
     </span>
     <span class='ocr_line' id='line_1_13' title="bbox 126 1351 921 1419; baseline -0.005 -13"><span class='ocrx_word' id='word_1_82' title='bbox 126 1369 207 1419; x_wconf 90' lang='lat' dir='ltr'><strong>neque</strong></span> <span class='ocrx_word' id='word_1_83' title='bbox 225 1354 287 1405; x_wconf 78' lang='lat' dir='ltr'><strong>elias</strong></span> <span class='ocrx_word' id='word_1_84' title='bbox 304 1356 408 1405; x_wconf 86' lang='lat' dir='ltr'><strong>virtutes</strong></span> <span class='ocrx_word' id='word_1_85' title='bbox 427 1353 596 1417; x_wconf 83' lang='lat' dir='ltr'><strong>neglexerunt,</strong></span> <span class='ocrx_word' id='word_1_86' title='bbox 614 1351 705 1417; x_wconf 88' lang='lat' dir='ltr'><strong>quibus</strong></span> <span class='ocrx_word' id='word_1_87' title='bbox 723 1351 870 1404; x_wconf 84' lang='lat' dir='ltr'><strong>exercendis</strong></span> <span class='ocrx_word' id='word_1_88' title='bbox 890 1351 921 1402; x_wconf 88' lang='lat' dir='ltr'><strong>de</strong></span> 
     </span>
     <span class='ocr_line' id='line_1_14' title="bbox 127 1442 922 1510; baseline -0.006 -14"><span class='ocrx_word' id='word_1_89' title='bbox 127 1445 225 1497; x_wconf 85' lang='lat' dir='ltr'><strong>civibus</strong></span> <span class='ocrx_word' id='word_1_90' title='bbox 246 1447 299 1496; x_wconf 90' lang='lat' dir='ltr'><strong>suis</strong></span> <span class='ocrx_word' id='word_1_91' title='bbox 320 1447 411 1510; x_wconf 90' lang='lat' dir='ltr'><strong>optime</strong></span> <span class='ocrx_word' id='word_1_92' title='bbox 436 1448 564 1495; x_wconf 88' lang='lat' dir='ltr'><strong>mererent.</strong></span> <span class='ocrx_word' id='word_1_93' title='bbox 595 1442 702 1503; x_wconf 76' lang='lat' dir='ltr'><strong>Quorum</strong></span> <span class='ocrx_word' id='word_1_94' title='bbox 721 1442 922 1501; x_wconf 78' lang='lat' dir='ltr'><strong>recordationem,</strong></span> 
     </span>
     <span class='ocr_line' id='line_1_15' title="bbox 124 1534 924 1601; baseline -0.006 -14"><span class='ocrx_word' id='word_1_95' title='bbox 124 1551 190 1601; x_wconf 82' lang='lat' dir='ltr'><strong>quse</strong></span> <span class='ocrx_word' id='word_1_96' title='bbox 214 1537 353 1586; x_wconf 76' lang='lat' dir='ltr'><strong>etiamnunc</strong></span> <span class='ocrx_word' id='word_1_97' title='bbox 372 1534 528 1600; x_wconf 68' lang='lat' dir='ltr'><strong>popularium</strong></span> <span class='ocrx_word' id='word_1_98' title='bbox 551 1536 646 1585; x_wconf 75' lang='lat' dir='ltr'><strong>animos</strong></span> <span class='ocrx_word' id='word_1_99' title='bbox 671 1538 752 1593; x_wconf 86' lang='lat' dir='ltr'><strong>tenet,</strong></span> <span class='ocrx_word' id='word_1_100' title='bbox 781 1534 924 1584; x_wconf 81' lang='lat' dir='ltr'><strong>meximee</strong></span> 
     </span>
     <span class='ocr_line' id='line_1_16' title="bbox 126 1624 923 1692; baseline -0.005 -15"><span class='ocrx_word' id='word_1_101' title='bbox 126 1626 207 1686; x_wconf 86' lang='lat' dir='ltr'><strong>nobis,</strong></span> <span class='ocrx_word' id='word_1_102' title='bbox 225 1628 268 1692; x_wconf 92' lang='lat' dir='ltr'><strong>qui</strong></span> <span class='ocrx_word' id='word_1_103' title='bbox 286 1625 422 1677; x_wconf 82' lang='lat' dir='ltr'><strong>litterarum</strong></span> <span class='ocrx_word' id='word_1_104' title='bbox 432 1625 522 1676; x_wconf 83' lang='lat' dir='ltr'><strong>studiis</strong></span> <span class='ocrx_word' id='word_1_105' title='bbox 533 1627 608 1676; x_wconf 79' lang='lat' dir='ltr'><strong>vitam</strong></span> <span class='ocrx_word' id='word_1_106' title='bbox 627 1625 831 1682; x_wconf 75' lang='lat' dir='ltr'><strong>consecravimus,</strong></span> <span class='ocrx_word' id='word_1_107' title='bbox 843 1624 923 1674; x_wconf 91' lang='lat' dir='ltr'><strong>susci·</strong></span> 
     </span>
     <span class='ocr_line' id='line_1_17' title="bbox 126 1713 923 1782; baseline -0.005 -14"><span class='ocrx_word' id='word_1_108' title='bbox 126 1719 175 1768; x_wconf 80' lang='lat' dir='ltr'><strong>teri</strong></span> <span class='ocrx_word' id='word_1_109' title='bbox 196 1721 270 1782; x_wconf 84' lang='lat' dir='ltr'><strong>atque</strong></span> <span class='ocrx_word' id='word_1_110' title='bbox 290 1716 324 1767; x_wconf 86' lang='lat' dir='ltr'><strong>eli</strong></span> <span class='ocrx_word' id='word_1_111' title='bbox 342 1730 387 1782; x_wconf 81' lang='lat' dir='ltr'><strong>per</strong></span> <span class='ocrx_word' id='word_1_112' title='bbox 409 1721 453 1767; x_wconf 90' lang='lat' dir='ltr'><strong>est.</strong></span> <span class='ocrx_word' id='word_1_113' title='bbox 489 1717 579 1766; x_wconf 67' lang='lat' dir='ltr'><strong>Beatos</strong></span> <span class='ocrx_word' id='word_1_114' title='bbox 596 1716 648 1768; x_wconf 86' lang='lat' dir='ltr'><strong>Vos</strong></span> <span class='ocrx_word' id='word_1_115' title='bbox 673 1717 728 1765; x_wconf 88' lang='lat' dir='ltr'><strong>iure</strong></span> <span class='ocrx_word' id='word_1_116' title='bbox 751 1713 923 1780; x_wconf 67' lang='lat' dir='ltr'><strong>praedicemus</strong></span> 
     </span>
     <span class='ocr_line' id='line_1_18' title="bbox 126 1803 924 1872; baseline -0.004 -14"><span class='ocrx_word' id='word_1_117' title='bbox 126 1810 279 1872; x_wconf 87' lang='lat' dir='ltr'><strong>summisque</strong></span> <span class='ocrx_word' id='word_1_118' title='bbox 298 1806 415 1858; x_wconf 82' lang='lat' dir='ltr'><strong>lendibus</strong></span> <span class='ocrx_word' id='word_1_119' title='bbox 432 1807 536 1872; x_wconf 82' lang='lat' dir='ltr'><strong>dignos,</strong></span> <span class='ocrx_word' id='word_1_120' title='bbox 556 1808 599 1870; x_wconf 90' lang='lat' dir='ltr'><strong>qui</strong></span> <span class='ocrx_word' id='word_1_121' title='bbox 617 1806 715 1858; x_wconf 84' lang='lat' dir='ltr'><strong>Vestris</strong></span> <span class='ocrx_word' id='word_1_122' title='bbox 736 1803 867 1856; x_wconf 85' lang='lat' dir='ltr'><strong>virtutibus</strong></span> <span class='ocrx_word' id='word_1_123' title='bbox 886 1803 924 1856; x_wconf 85' lang='lat' dir='ltr'><strong>ei·</strong></span> 
     </span>
     <span class='ocr_line' id='line_1_19' title="bbox 127 1894 923 1962; baseline -0.005 -14"><span class='ocrx_word' id='word_1_124' title='bbox 127 1897 250 1957; x_wconf 81' lang='lat' dir='ltr'><strong>feceritis,</strong></span> <span class='ocrx_word' id='word_1_125' title='bbox 269 1903 297 1948; x_wconf 93' lang='lat' dir='ltr'><strong>ut</strong></span> <span class='ocrx_word' id='word_1_126' title='bbox 315 1898 381 1962; x_wconf 89' lang='lat' dir='ltr'><strong>quod</strong></span> <span class='ocrx_word' id='word_1_127' title='bbox 398 1898 438 1948; x_wconf 86' lang='lat' dir='ltr'><strong>his</strong></span> <span class='ocrx_word' id='word_1_128' title='bbox 454 1899 527 1948; x_wconf 87' lang='lat' dir='ltr'><strong>terris</strong></span> <span class='ocrx_word' id='word_1_129' title='bbox 545 1897 604 1947; x_wconf 90' lang='lat' dir='ltr'><strong>inde</strong></span> <span class='ocrx_word' id='word_1_130' title='bbox 622 1912 637 1946; x_wconf 82' lang='lat' dir='ltr'><strong>e</strong></span> <span class='ocrx_word' id='word_1_131' title='bbox 655 1896 740 1946; x_wconf 90' lang='lat' dir='ltr'><strong>multis</strong></span> <span class='ocrx_word' id='word_1_132' title='bbox 755 1894 860 1946; x_wconf 80' lang='lat' dir='ltr'><strong>saeculis</strong></span> <span class='ocrx_word' id='word_1_133' title='bbox 875 1897 923 1945; x_wconf 89' lang='lat' dir='ltr'><strong>im·</strong></span> 
     </span>
     <span class='ocr_line' id='line_1_20' title="bbox 127 1984 923 2054; baseline -0.005 -14"><span class='ocrx_word' id='word_1_134' title='bbox 127 1990 214 2054; x_wconf 76' lang='lat' dir='ltr'><strong>pertiti</strong></span> <span class='ocrx_word' id='word_1_135' title='bbox 234 1988 323 2039; x_wconf 88' lang='lat' dir='ltr'><strong>soleret</strong></span> <span class='ocrx_word' id='word_1_136' title='bbox 341 1987 469 2039; x_wconf 79' lang='lat' dir='ltr'><strong>felicitatis</strong></span> <span class='ocrx_word' id='word_1_137' title='bbox 489 1991 675 2052; x_wconf 77' lang='lat' dir='ltr'><strong>cognomentum</strong></span> <span class='ocrx_word' id='word_1_138' title='bbox 696 1988 820 2050; x_wconf 85' lang='lat' dir='ltr'><strong>integrum</strong></span> <span class='ocrx_word' id='word_1_139' title='bbox 838 1990 863 2036; x_wconf 92' lang='lat' dir='ltr'><strong>et</strong></span> <span class='ocrx_word' id='word_1_140' title='bbox 871 1984 923 2036; x_wconf 90' lang='lat' dir='ltr'><strong>illi-</strong></span> 
     </span>
     <span class='ocr_line' id='line_1_21' title="bbox 131 2077 377 2130; baseline -0.004 -1"><span class='ocrx_word' id='word_1_141' title='bbox 131 2077 216 2129; x_wconf 85' lang='lat' dir='ltr'><strong>betom</strong></span> <span class='ocrx_word' id='word_1_142' title='bbox 233 2084 377 2130; x_wconf 76' lang='lat' dir='ltr'><strong>servaretur.</strong></span> 
     </span>
    </p>

    <p class='ocr_par' dir='ltr' id='par_1_4' title="bbox 128 2165 926 2929">
     <span class='ocr_line' id='line_1_22' title="bbox 165 2165 923 2234; baseline -0.004 -16"><span class='ocrx_word' id='word_1_143' title='bbox 165 2169 194 2218; x_wconf 90' lang='lat' dir='ltr'><strong>In</strong></span> <span class='ocrx_word' id='word_1_144' title='bbox 212 2183 302 2233; x_wconf 73' lang='lat' dir='ltr'><strong>magne</strong></span> <span class='ocrx_word' id='word_1_145' title='bbox 314 2183 378 2234; x_wconf 76' lang='lat' dir='ltr'><strong>quae</strong></span> <span class='ocrx_word' id='word_1_146' title='bbox 396 2173 528 2220; x_wconf 80' lang='lat' dir='ltr'><strong>consecuto</strong></span> <span class='ocrx_word' id='word_1_147' title='bbox 546 2173 584 2218; x_wconf 86' lang='lat' dir='ltr'><strong>est</strong></span> <span class='ocrx_word' id='word_1_148' title='bbox 602 2181 684 2218; x_wconf 87' lang='lat' dir='ltr'><strong>rerum</strong></span> <span class='ocrx_word' id='word_1_149' title='bbox 701 2165 856 2231; x_wconf 76' lang='lat' dir='ltr'><strong>publicarum</strong></span> <span class='ocrx_word' id='word_1_150' title='bbox 865 2180 923 2216; x_wconf 89' lang='lat' dir='ltr'><strong>cou-</strong></span> 
     </span>
     <span class='ocr_line' id='line_1_23' title="bbox 128 2255 925 2324; baseline -0.004 -14"><span class='ocrx_word' id='word_1_151' title='bbox 128 2261 242 2310; x_wconf 80' lang='lat' dir='ltr'><strong>versione</strong></span> <span class='ocrx_word' id='word_1_152' title='bbox 255 2275 346 2324; x_wconf 79' lang='lat' dir='ltr'><strong>magns</strong></span> <span class='ocrx_word' id='word_1_153' title='bbox 363 2264 500 2310; x_wconf 78' lang='lat' dir='ltr'><strong>nostrerum</strong></span> <span class='ocrx_word' id='word_1_154' title='bbox 520 2273 618 2323; x_wconf 91' lang='lat' dir='ltr'><strong>quoque</strong></span> <span class='ocrx_word' id='word_1_155' title='bbox 637 2272 718 2308; x_wconf 88' lang='lat' dir='ltr'><strong>rerum</strong></span> <span class='ocrx_word' id='word_1_156' title='bbox 738 2255 805 2307; x_wconf 76' lang='lat' dir='ltr'><strong>fecto</strong></span> <span class='ocrx_word' id='word_1_157' title='bbox 821 2258 925 2307; x_wconf 77' lang='lat' dir='ltr'><strong>mutatio</strong></span> 
     </span>
     <span class='ocr_line' id='line_1_24' title="bbox 128 2346 924 2414; baseline -0.005 -14"><span class='ocrx_word' id='word_1_158' title='bbox 128 2358 174 2400; x_wconf 88' lang='lat' dir='ltr'><strong>est.</strong></span> <span class='ocrx_word' id='word_1_159' title='bbox 212 2350 264 2408; x_wconf 78' lang='lat' dir='ltr'><strong>Tu,</strong></span> <span class='ocrx_word' id='word_1_160' title='bbox 280 2352 315 2400; x_wconf 90' lang='lat' dir='ltr'><strong>mi</strong></span> <span class='ocrx_word' id='word_1_161' title='bbox 334 2349 433 2410; x_wconf 80' lang='lat' dir='ltr'><strong>Gurole,</strong></span> <span class='ocrx_word' id='word_1_162' title='bbox 453 2349 573 2414; x_wconf 84' lang='lat' dir='ltr'><strong>quamdiu</strong></span> <span class='ocrx_word' id='word_1_163' title='bbox 589 2348 669 2400; x_wconf 88' lang='lat' dir='ltr'><strong>tribus</strong></span> <span class='ocrx_word' id='word_1_164' title='bbox 685 2347 738 2398; x_wconf 89' lang='lat' dir='ltr'><strong>illis</strong></span> <span class='ocrx_word' id='word_1_165' title='bbox 756 2346 862 2398; x_wconf 88' lang='lat' dir='ltr'><strong>ducibus</strong></span> <span class='ocrx_word' id='word_1_166' title='bbox 880 2361 924 2412; x_wconf 80' lang='lat' dir='ltr'><strong>pe-</strong></span> 
     </span>
     <span class='ocr_line' id='line_1_25' title="bbox 128 2438 924 2504; baseline -0.004 -14"><span class='ocrx_word' id='word_1_167' title='bbox 128 2439 251 2498; x_wconf 82' lang='lat' dir='ltr'><strong>rebemns,</strong></span> <span class='ocrx_word' id='word_1_168' title='bbox 270 2441 321 2502; x_wconf 85' lang='lat' dir='ltr'><strong>qui,</strong></span> <span class='ocrx_word' id='word_1_169' title='bbox 339 2439 406 2504; x_wconf 87' lang='lat' dir='ltr'><strong>quod</strong></span> <span class='ocrx_word' id='word_1_170' title='bbox 424 2440 568 2504; x_wconf 69' lang='lat' dir='ltr'><strong>cognatione</strong></span> <span class='ocrx_word' id='word_1_171' title='bbox 585 2440 688 2504; x_wconf 87' lang='lat' dir='ltr'><strong>stirpem</strong></span> <span class='ocrx_word' id='word_1_172' title='bbox 707 2441 844 2488; x_wconf 89' lang='lat' dir='ltr'><strong>nostrorum</strong></span> <span class='ocrx_word' id='word_1_173' title='bbox 855 2438 924 2502; x_wconf 90' lang='lat' dir='ltr'><strong>prin-</strong></span> 
     </span>
     <span class='ocr_line' id='line_1_26' title="bbox 129 2524 925 2591; baseline -0.005 -15"><span class='ocrx_word' id='word_1_174' title='bbox 129 2528 213 2591; x_wconf 89' lang='lat' dir='ltr'><strong>cipum</strong></span> <span class='ocrx_word' id='word_1_175' title='bbox 237 2524 401 2590; x_wconf 77' lang='lat' dir='ltr'><strong>ettingebeut,</strong></span> <span class='ocrx_word' id='word_1_176' title='bbox 425 2540 470 2590; x_wconf 87' lang='lat' dir='ltr'><strong>per</strong></span> <span class='ocrx_word' id='word_1_177' title='bbox 496 2524 598 2589; x_wconf 80' lang='lat' dir='ltr'><strong>aliquod</strong></span> <span class='ocrx_word' id='word_1_178' title='bbox 615 2529 713 2589; x_wconf 87' lang='lat' dir='ltr'><strong>tempus</strong></span> <span class='ocrx_word' id='word_1_179' title='bbox 730 2528 829 2574; x_wconf 76' lang='lat' dir='ltr'><strong>nostrae</strong></span> <span class='ocrx_word' id='word_1_180' title='bbox 846 2527 925 2573; x_wconf 76' lang='lat' dir='ltr'><strong>terroe</strong></span> 
     </span>
     <span class='ocr_line' id='line_1_27' title="bbox 128 2606 926 2676; baseline -0.008 -13"><span class='ocrx_word' id='word_1_181' title='bbox 128 2613 261 2676; x_wconf 87' lang='lat' dir='ltr'><strong>imperium</strong></span> <span class='ocrx_word' id='word_1_182' title='bbox 284 2612 432 2662; x_wconf 89' lang='lat' dir='ltr'><strong>coniunctim</strong></span> <span class='ocrx_word' id='word_1_183' title='bbox 450 2609 579 2670; x_wconf 81' lang='lat' dir='ltr'><strong>tenebunt,</strong></span> <span class='ocrx_word' id='word_1_184' title='bbox 596 2607 807 2675; x_wconf 83' lang='lat' dir='ltr'><strong>Hildpertchusee</strong></span> <span class='ocrx_word' id='word_1_185' title='bbox 824 2606 926 2672; x_wconf 84' lang='lat' dir='ltr'><strong>degisti‚</strong></span> 
     </span>
     <span class='ocr_line' id='line_1_28' title="bbox 130 2695 924 2762; baseline -0.006 -14"><span class='ocrx_word' id='word_1_186' title='bbox 130 2713 194 2762; x_wconf 82' lang='lat' dir='ltr'><strong>quae</strong></span> <span class='ocrx_word' id='word_1_187' title='bbox 218 2703 270 2748; x_wconf 85' lang='lat' dir='ltr'><strong>torn</strong></span> <span class='ocrx_word' id='word_1_188' title='bbox 292 2697 364 2748; x_wconf 86' lang='lat' dir='ltr'><strong>sodes</strong></span> <span class='ocrx_word' id='word_1_189' title='bbox 392 2703 444 2747; x_wconf 83' lang='lat' dir='ltr'><strong>erut</strong></span> <span class='ocrx_word' id='word_1_190' title='bbox 470 2698 631 2747; x_wconf 87' lang='lat' dir='ltr'><strong>communiter</strong></span> <span class='ocrx_word' id='word_1_191' title='bbox 655 2695 822 2745; x_wconf 77' lang='lat' dir='ltr'><strong>administrati</strong></span> <span class='ocrx_word' id='word_1_192' title='bbox 846 2695 924 2758; x_wconf 86' lang='lat' dir='ltr'><strong>regni.</strong></span> 
     </span>
     <span class='ocr_line' id='line_1_29' title="bbox 130 2780 925 2848; baseline -0.005 -15"><span class='ocrx_word' id='word_1_193' title='bbox 130 2783 206 2841; x_wconf 90' lang='lat' dir='ltr'><strong>Post,</strong></span> <span class='ocrx_word' id='word_1_194' title='bbox 226 2797 282 2834; x_wconf 86' lang='lat' dir='ltr'><strong>curn</strong></span> <span class='ocrx_word' id='word_1_195' title='bbox 307 2785 346 2834; x_wconf 89' lang='lat' dir='ltr'><strong>sui</strong></span> <span class='ocrx_word' id='word_1_196' title='bbox 369 2781 460 2833; x_wconf 76' lang='lat' dir='ltr'><strong>orbatis</strong></span> <span class='ocrx_word' id='word_1_197' title='bbox 478 2784 612 2848; x_wconf 87' lang='lat' dir='ltr'><strong>provinciis</strong></span> <span class='ocrx_word' id='word_1_198' title='bbox 632 2781 779 2846; x_wconf 86' lang='lat' dir='ltr'><strong>obtigissent</strong></span> <span class='ocrx_word' id='word_1_199' title='bbox 798 2780 925 2846; x_wconf 86' lang='lat' dir='ltr'><strong>principes</strong></span> 
     </span>
     <span class='ocr_line' id='line_1_30' title="bbox 131 2863 926 2929; baseline -0.008 -9"><span class='ocrx_word' id='word_1_200' title='bbox 131 2869 326 2920; x_wconf 77' lang='lat' dir='ltr'><strong>exhereditatis</strong></span> <span class='ocrx_word' id='word_1_201' title='bbox 345 2872 399 2921; x_wconf 86' lang='lat' dir='ltr'><strong>iure</strong></span> <span class='ocrx_word' id='word_1_202' title='bbox 416 2871 557 2929; x_wconf 84' lang='lat' dir='ltr'><strong>constituti,</strong></span> <span class='ocrx_word' id='word_1_203' title='bbox 581 2883 637 2919; x_wconf 85' lang='lat' dir='ltr'><strong>cum</strong></span> <span class='ocrx_word' id='word_1_204' title='bbox 654 2866 780 2918; x_wconf 83' lang='lat' dir='ltr'><strong>Fridericc</strong></span> <span class='ocrx_word' id='word_1_205' title='bbox 797 2865 875 2924; x_wconf 86' lang='lat' dir='ltr'><strong>duce,</strong></span> <span class='ocrx_word' id='word_1_206' title='bbox 894 2863 926 2914; x_wconf 84' lang='lat' dir='ltr'><strong>ed</strong></span> 
     </span>
    </p>
   </div>
   <div class='ocr_carea' id='block_1_3' title="bbox 0 0 1118 3406">
    <p class='ocr_par' dir='ltr' id='par_1_5' title="bbox 0 0 1118 3406">
     <span class='ocr_line' id='line_1_31' title="bbox 0 0 1118 3406; baseline 0 0"><span class='ocrx_word' id='word_1_207' title='bbox 0 0 1118 3406; x_wconf 95' lang='lat' dir='ltr'><strong> </strong></span> 
     </span>
    </p>
   </div>
  </div>
 </body>
</html>
