2208 3402
575 274 623 320 126

498 429 532 463 De
544 427 688 463 muneribus.

213 513 297 562 Multa
302 513 435 564 mulierum
442 517 499 564 sunt
506 514 573 571 vitia,
581 513 626 563 sed
633 512 792 564 hocernultis
799 515 935 563 maximum
948 519 1003 573 cst,

213 601 275 654 Gum
293 602 342 655 sibi
360 606 434 654 nimis
460 604 559 669 placent
583 605 714 668 minusque
742 604 934 670 operandam,
968 611 1001 656 ut
1093 643 1096 718 1

689 695 802 760 placeant
819 695 886 746 viris.

629 765 721 815 Prior.
732 765 839 823 Poentit,
850 768 873 824 4,
882 769 923 814 37.

227 855 413 907 Intolerabilius
424 856 488 906 nihil
495 864 532 906 cst
545 871 618 920 quarn
624 855 718 906 femina
724 855 801 906 dives.
809 855 892 906 Iuvrn.
900 858 923 915 6,
932 859 997 906 460.

473 982 507 1017 Do
520 983 593 1018 mam
605 981 715 1017 tumltu.

227 1067 296 1118 Uxor
312 1069 441 1132 dignitatis
459 1081 548 1118 nomen
568 1069 613 1124 est,
631 1082 680 1117 non
698 1066 838 1131 voluptatis.

547 1135 917 1200 ArunsGinndeVerbsign.

226 1226 313 1278 Omnis
330 1230 355 1278 in
371 1226 477 1278 feminas
496 1228 562 1278 venit
579 1227 725 1277 maritorum
741 1227 924 1292 praedicatione
948 1242 994 1278 re·

189 1320 306 1371 verentia.
677 1317 885 1377 unisonantia,
893 1321 916 1368 5.

226 1409 293 1462 Vera
308 1413 450 1460 ornamenta
469 1414 634 1459 matronarum
650 1408 778 1474 pudicitia,
797 1423 845 1458 non
862 1412 952 1459 vestes.

623 1478 785 1530 Iusrrn.Hist.
794 1481 834 1536 20,
843 1481 866 1536 4,
875 1481 913 1527 12.

253 1599 279 1642 6.
292 1598 334 1642 De
346 1598 448 1642 liberis.
474 1599 515 1642 De
527 1599 680 1643 liberorum
692 1597 765 1642 inter
779 1607 808 1641 se
821 1607 923 1642 amore.

195 1669 579 1720 Deliberorumcduoaticne.
593 1669 976 1722 Deindulganttainliberos.
1093 1681 1095 1724 t

449 1763 484 1797 De
500 1762 626 1797 liberorum
639 1769 723 1796 amora.

223 1839 387 1910 Perspicuun'r
406 1850 443 1896 est
460 1861 475 1895 a
493 1850 581 1896 natura
597 1847 653 1910 ipsa
670 1844 732 1911 [nos]
750 1851 778 1896 ut
796 1860 845 1904 cos,
862 1859 924 1910 quos
940 1861 987 1910 ge·

187 1938 320 1994 nuerirnus,
339 1951 448 1988 amemus
465 1935 569 2001 impelli.
643 1934 695 1987 G1c.
708 1935 785 1988 defin.
794 1939 865 1995 3‚19‚
874 1939 914 1986 62.

222 2026 325 2078 Liberos
344 2029 435 2092 cuique
452 2042 481 2077 ac
498 2027 649 2092 propinquos
666 2041 723 2076 suos
740 2031 827 2076 natura
844 2028 986 2078 carissimos

186 2132 241 2168 esse
262 2117 347 2168 voluit.
708 2116 911 2181 Ticrrdgntl.

380 2244 414 2278 De
427 2242 553 2278 liberorum
565 2242 626 2278 inter
638 2250 664 2278 ιο
677 2242 782 2278 cantate.

221 2325 280 2388 Quis
299 2329 401 2377 amicior
419 2341 494 2390 quam
510 2324 590 2376 frater
607 2324 697 2376 fratri?
735 2325 805 2378 Snus.
811 2327 865 2392 Ing.
876 2331 946 2386 10‚5.

220 2417 352 2482 Sanguinis
370 2417 510 2468 coniunctio
529 2420 554 2467 et
578 2415 750 2468 benevolentia
772 2417 880 2468 devincit
901 2417 981 2469 homi·

184 2524 228 2562 nes
248 2513 273 2559 et
291 2510 400 2558 caritate.
636 2504 688 2558 Grc.
702 2506 778 2558 deoff.
788 2512 809 2566 1,
820 2511 860 2568 17,
869 2511 909 2558 54.

306 2633 387 2669 Liberi
404 2641 419 2668 ι
430 2633 567 2675 omnebus
579 2632 703 2675 aliquando
716 2633 855 2668 doemunt.

217 2718 327 2768 Naturae
345 2717 400 2781 lega
419 2715 505 2768 crebro
526 2721 652 2780 tamquam
676 2731 708 2766 ex
733 2715 856 2767 industria
881 2716 941 2768 mali
963 2732 977 2768 e

181 2807 266 2867 bonis,
290 2811 400 2872 agrestes
424 2823 437 2857 e
462 2805 612 2858 doctioribus
636 2809 779 2871 gignuntur.

619 2876 712 2927 Aunnn.
720 2877 792 2930 Vror.
800 2875 896 2930 Caesar.
905 2880 928 2928 8.
