2212 3406
523 242 555 290 23

176 359 292 412 Pulcrius
308 361 386 411 multo
403 363 484 426 parari
502 375 577 426 quam
594 361 672 412 creari
691 357 806 408 nobilem.

431 451 492 502 Soio
504 451 569 518 apud
576 451 669 501 Ausou.
676 466 700 515 p.
710 452 758 499 149
766 448 805 499 ed.
812 449 866 513 Bip.

514 621 564 666 1v.

328 724 378 768 DE
392 723 511 768 VITAE
525 721 751 767 AETATIBUS.

433 812 456 854 1.
469 810 510 854 De
522 810 648 863 pueritia.

177 903 262 961 Pueri,
281 918 338 952 cum
355 907 420 952 artes
438 901 554 952 difficiles
576 901 683 960 discunt,
702 900 815 950 celeriter
835 913 875 948 res
899 899 939 948 iu-

142 991 308 1043 numerabiles
328 995 455 1058 arripiunt.
623 991 675 1043 Oro.
683 991 869 1048 desen.21‚78.

176 1083 206 1133 In
215 1085 307 1134 teneris
315 1098 477 1134 consuescere
489 1083 594 1133 multum
604 1087 648 1134 est.
667 1081 745 1135 Vrec.
753 1080 838 1144 Georg.
847 1083 870 1138 2,
878 1080 937 1129 272.

177 1173 263 1224 Altius
282 1179 413 1240 praecepta
431 1174 592 1233 descendunt,
610 1189 674 1238 quae
692 1174 782 1224 teneris
793 1173 941 1236 imprimun-

142 1269 183 1315 tur
200 1265 332 1316 aetatibus
489 1264 695 1316 Sas.decous.ad
713 1264 835 1321 Helv.18‚
846 1265 869 1312 8.

416 1417 441 1460 2.
454 1417 495 1461 De
506 1417 659 1460 iuventute.

178 1507 210 1558 Ut
231 1513 365 1558 sementem
381 1507 479 1564 leceris,
498 1509 534 1556 ita
548 1512 634 1557 metes.

407 1597 504 1648 Ssavrr.
512 1597 577 1662 apud
585 1597 636 1648 Cic.
644 1597 676 1647 de
684 1611 718 1648 or.
727 1600 750 1655 2,
760 1601 801 1655 65,
811 1599 868 1648 261.

177 1685 323 1738 Libidinosa
341 1693 366 1738 et
385 1689 552 1754 intemperans
570 1688 741 1738 adulescentia
758 1687 858 1738 effetum
883 1702 938 1738 cor·

141 1793 189 1844 pus
207 1779 282 1828 tradit
295 1781 425 1830 senectuti.
610 1778 786 1830 OrcOatmai.
795 1781 818 1838 9,
828 1782 868 1828 29.
961 1825 964 1828 .

175 1868 331 1920 Adulescens
351 1884 407 1920 cum
424 1871 466 1928 sis,
484 1876 536 1920 tum
557 1875 668 1922 comest
687 1872 788 1934 sanguis
805 1871 909 1934 integer,

175 1959 222 2010 Rei
240 1964 297 2010 tuae
314 1960 468 2024 quaerendae
487 1961 599 2012 convenit
617 1975 715 2025 operam
736 1959 801 2010 dare.

593 2050 773 2101 Pauor.Merc.
782 2055 804 2102 3.
813 2054 868 2109 27.

176 2139 255 2190 Multi
272 2141 363 2192 summi
380 2122 491 2192 homines
509 2137 623 2199 fuerunt,
641 2154 758 2204 quorum,
777 2155 832 2191 cnm
852 2139 942 2192 adule-

142 2232 252 2283 scentiae
268 2230 420 2296 cupiditates
435 2229 626 2292 deferbuisseut‚
644 2233 752 2282 eximiae
769 2233 873 2284 viraines
896 2230 939 2282 fir·

141 2327 209 2372 mata
227 2323 278 2372 iam
296 2325 377 2372 aetate
396 2323 538 2372 extiterunt.
581 2320 633 2372 Cro.
640 2337 684 2387 pro
702 2321 867 2380 Caeliani.

177 2411 266 2464 Studia
280 2414 307 2462 in
324 2411 495 2464 adulescentia
513 2417 640 2478 tamquam
658 2416 684 2464 in
702 2413 787 2464 herbis
798 2413 939 2477 significant

141 2517 206 2568 quae
233 2504 333 2554 uirtutis
360 2504 489 2554 maturitas
513 2509 539 2552 et
562 2509 669 2569 quantae
688 2503 774 2568 frages
799 2504 939 2555 uidustrlae

141 2595 192 2644 sint
211 2592 317 2644 futurae.
593 2593 646 2646 010.
653 2609 697 2660 pro
704 2593 821 2650 (laeldl.
829 2597 869 2646 76.

176 2684 254 2736 Decet
261 2684 491 2736 verecundumesse
502 2683 693 2736 adulescentem.
700 2685 792 2736 Pauor.
799 2685 843 2735 As.
852 2689 875 2742 5,
884 2687 906 2742 1,
914 2685 940 2734 6.

175 2775 222 2826 Est
241 2775 409 2826 adulescentis
426 2777 531 2826 maiores
549 2781 611 2826 natu
629 2777 708 2828 vereri
732 2791 764 2826 ex
787 2775 876 2840 hisque
894 2773 939 2824 de·

140 2865 219 2930 ligere
239 2867 345 2931 optimos
362 2870 437 2930 atque
453 2864 648 2932 probatissimos,
667 2864 884 2931 quorumcousilio
901 2868 939 2914 at-
