2212 3406
489 303 520 350 35

145 419 193 480 Qui
209 420 287 472 multa
304 422 363 486 agit,
384 435 458 487 saepe
475 419 588 472 fortunae
606 427 752 487 potestatem
770 425 809 474 sui
831 423 899 476 feeit.

524 511 578 562 Suu.
586 512 618 564 de
626 516 704 577 tranq.
711 517 798 573 an.13‚
807 517 829 565 2.

145 600 216 652 Nulli
234 599 333 652 fortuna
355 604 407 650 tam
431 599 517 652 dedita
541 607 591 660 eet,
620 607 648 651 ut
670 602 749 654 multa
772 607 901 670 temptanti

109 689 202 756 ubique
219 690 372 756 respondeat.
604 690 658 742 Srn.
666 692 697 742 de
703 693 741 742 ira
748 696 770 752 3,
779 697 833 754 6,5.

147 779 235 832 Omnia
253 786 312 832 sunt
328 780 455 832 hominum
469 782 537 832 tenui
552 781 686 846 pendentia
704 783 753 842 fiio,

180 872 214 923 Et
235 871 317 924 subito
331 887 393 924 oasu
408 886 473 937 quae
492 871 592 923 vulnere
610 876 691 922 ruunt

526 961 596 1013 Orrn.
604 978 637 1013 ex
646 963 716 1013 Pont.
724 966 748 1021 4,
757 967 780 1022 3,·
788 967 829 1015 35.

148 1053 202 1105 Ima
220 1057 343 1119 permutat
362 1052 442 1104 brevis
461 1053 522 1103 hora
542 1054 650 1103 summis
670 1053 901 1120 stampenses.

146 1160 265 1212 Passibus
284 1159 407 1226 ambiguis
425 1162 532 1212 Fortuna
550 1159 666 1212 volubilis
684 1165 749 1211 errat

182 1252 216 1302 Et
233 1255 316 1303 menet
332 1253 359 1302 in
377 1251 446 1302 nullo
466 1257 534 1302 certe
546 1257 672 1316 tenaxque
691 1251 758 1312 loeo;

145 1341 194 1394 Sed
212 1341 284 1393 modo
301 1342 369 1393 laeta
384 1346 474 1400 menet,
492 1342 564 1392 modo
581 1342 662 1393 voltus
678 1343 755 1391 sumit
769 1341 870 1394 aeerboa

180 1431 214 1482 Et
232 1437 326 1482 tantum
344 1437 457 1483 constans
473 1433 499 1483 iu
517 1432 618 1483 levitate
639 1447 684 1482 sna
710 1436 754 1481 est.

568 1522 833 1582 Ourn.Trist.5‚8‚15.

145 1628 222 1680 Ludit
239 1629 396 1680 inhumanis
415 1628 500 1681 divina
517 1631 627 1696 potentia
644 1628 724 1689 rebus,

181 1719 215 1771 Et
233 1724 324 1771 oertam
340 1733 457 1786 praeseus
475 1722 518 1771 vix
536 1720 612 1771 habet
630 1719 690 1770 hora
704 1719 738 1770 fid
745 1733 791 1770 em.

147 1810 187 1861 Tu
205 1825 304 1876 qnoque
321 1809 363 1862 tao
379 1813 467 1862 timeas
487 1815 513 1862 et
536 1825 600 1876 quae
623 1809 669 1860 tibi
693 1809 759 1860 laeta
781 1809 902 1870 ridentur.

182 1901 248 1952 Dum
266 1902 382 1966 loqueris,
402 1901 455 1952 fieri
475 1903 556 1952 t1istie
576 1915 648 1966 posse
665 1904 733 1966 puta.

447 1989 517 2042 Orm.
525 2006 558 2042 ex
570 1991 673 2048 Pont.4‚
682 1992 705 2048 3,
713 1991 745 2040 49
758 1992 783 2038 et
793 1991 833 2046 57ΙΙ

211 2098 288 2159 Quem
307 2099 361 2149 dies
377 2099 440 2151 vidit
457 2100 556 2151 veniens
582 2096 722 2162 superbum,

212 2189 287 2240 Hune
303 2189 357 2240 dies
374 2187 437 2240 vidit
454 2187 555 2253 fugiens
573 2189 702 2239 iacentem.

211 2280 288 2330 Nemo
309 2279 415 2330 confidat
431 2281 535 2330 nimium
553 2277 675 2336 secundis,

211 2371 288 2422 Nemo
305 2370 419 2436 desperet
435 2369 538 2421 meliora
556 2369 640 2435 lapsis.

218 2461 310 2512 Miscet
328 2460 390 2512 haee
403 2459 455 2512 illis
472 2459 635 2526 prohibetque
653 2457 740 2510 Glotho

213 2549 283 2601 Stare
301 2549 435 2601 fortunam:
452 2554 517 2602 rotat
535 2565 606 2601 omne
625 2547 710 2600 iatum.

214 2641 290 2691 Nemo
311 2645 362 2692 tam
385 2641 455 2694 divos
471 2639 558 2692 habuit
576 2639 694 2698 faventes,
765 2635 767 2640 '

214 2729 353 2783 Crastinum
368 2735 396 2781 ut
410 2735 494 2797 posset
511 2730 561 2781 sibi
578 2729 698 2796 polliceri.

214 2821 265 2874 Res
284 2821 347 2873 deus
364 2827 459 2874 nostras
478 2819 553 2872 eeleri
569 2822 656 2872 citatas

214 2911 324 2964 Turbine
341 2917 430 2964 versat.
575 2909 630 2961 Snr.
639 2909 742 2975 Thyest.
750 2911 838 2968 3,614.

677 2993 712 3045 3·
