2212 3406
575 303 611 339 Π

194 393 300 440 terarum
319 389 409 441 studiis
428 406 553 456 operarer,
570 373 700 458 Gottingae
721 405 894 444 consumerem.
931 393 992 443 Erat

196 479 243 531 illa
258 479 316 531 urbs
337 484 396 531 tunc
413 480 538 533 doctorum
557 485 584 533 in
600 485 687 548 quovis
700 483 825 534 doctrinae
842 497 932 548 genere
948 499 992 533 ex·

194 569 335 621 callentium
349 570 460 622 claritate
478 577 604 638 praestans
623 573 786 639 omnibusque
806 573 837 623 ad
856 573 992 624 doctrinam

196 660 376 727 pertinentibus
395 662 482 727 oprus
499 665 627 728 copiisque
636 663 750 724 adluens,
768 663 868 729 regibus
888 665 931 729 qui
949 663 992 714 lit-

196 755 262 802 teras
280 751 450 816 litteratosque
468 753 580 804 homines
600 754 710 806 foverent
727 759 752 805 et
761 759 876 805 externos
895 767 993 818 quoquc

197 845 221 892 et
239 841 345 892 advenas
364 843 531 894 munificentia
550 859 596 894 sua
613 844 740 896 allicerent
752 859 849 911 parens,
868 847 934 896 cives
948 844 991 894 de·

196 933 272 996 nique
288 934 353 982 iutra
370 936 523 997 pomoerium
542 934 618 994 alens,
636 937 679 1000 qui
697 938 763 986 omni
776 937 828 986 rita
840 940 914 1000 atque
926 937 992 986 rictu

197 1022 290 1073 exculti
314 1028 388 1088 atque
409 1023 481 1088 politi
505 1030 595 1074 essent.
631 1026 684 1076 Non
702 1027 792 1075 mirum
811 1027 901 1089 igitur,
926 1024 992 1090 quod

196 1115 285 1178 ingens
304 1113 512 1164 nobilissimorum
536 1117 652 1165 iuvenum
676 1115 808 1166 multitudo
832 1131 879 1166 non
898 1132 930 1165 ex
949 1131 993 1165 an·

198 1205 279 1267 gustis
298 1203 442 1254 Germaniae
457 1204 556 1264 finibus,
574 1205 618 1255 sed
638 1221 669 1255 ex
687 1208 860 1256 remotissimis
873 1211 992 1256 terrarum

197 1291 264 1343 orbis
281 1291 422 1358 regionibus
446 1297 472 1344 in
491 1311 544 1345 eam
563 1295 649 1346 urbem
669 1297 815 1354 conflueret,
841 1312 888 1346 non
913 1296 991 1347 solum

195 1388 225 1433 ut
244 1385 352 1434 animum
373 1383 484 1435 doctrina
502 1385 652 1444 excolerent,
682 1386 818 1436 sedetiam
845 1392 873 1436 ut
897 1401 992 1438 morum

198 1473 345 1538 elegantiam
363 1479 436 1539 atque
448 1476 625 1526 humanitatem
643 1481 799 1526 sectarentur.
822 1477 992 1527 Felicissimae

196 1568 300 1628 uterque
312 1564 448 1628 Gottingae,
467 1581 514 1630 quo
531 1566 605 1631 paulo
623 1573 679 1631 post
696 1573 765 1617 tuum
778 1566 836 1616 inde
854 1566 993 1618 discessum

198 1669 238 1704 me
256 1654 362 1714 contuli,
387 1655 501 1720 degimus
520 1671 608 1715 annos,
635 1663 684 1706 tarn
709 1657 833 1708 doctorum
858 1656 992 1716 licerinum,

199 1747 242 1810 qui
261 1744 398 1795 litterarum
407 1747 530 1796 antistites
549 1745 709 1805 habebantur,
727 1761 774 1796 usu
792 1753 866 1811 atque
883 1746 993 1812 hospitio

199 1833 325 1893 honorati,
350 1849 424 1900 quam
449 1837 594 1900 optimorum
620 1835 757 1894 sodalium,
783 1851 885 1901 quorum
910 1836 994 1888 studia

199 1924 390 1983 aemularemur,
422 1925 599 1975 consuetudine
627 1933 700 1989 atque
727 1927 836 1977 amicitia
866 1926 992 1979 fortunati.

198 2015 272 2066 Nullo
292 2029 400 2081 unquam
425 2021 533 2080 tempore
557 2015 689 2074 bonorum,
711 2030 813 2081 quorum
835 2031 911 2068 usura
935 2023 993 2068 tunc

197 2104 248 2156 frui
266 2121 310 2156 nos
323 2105 399 2156 voluit
415 2105 546 2170 benignior
554 2105 659 2165 fortuna,
679 2122 711 2157 ex
725 2109 806 2158 auimo
826 2107 930 2158 excedet
941 2123 992 2158 me-

197 2198 282 2246 moria.
318 2197 371 2256 iu,
398 2197 433 2246 mi
453 2195 552 2255 Garole,
576 2196 677 2247 Gustari
696 2197 810 2261 Hugonis
835 2199 991 2263 potissimum

198 2287 279 2350 gratia
297 2291 370 2350 atque
396 2284 479 2336 favore
502 2285 619 2344 florebas3
642 2301 688 2350 ego
711 2289 736 2336 in
755 2287 864 2338 Dissenii
884 2293 907 2338 et
925 2288 993 2338 Wel-

198 2374 265 2427 cleri
284 2378 386 2426 caritate
402 2380 426 2425 et
444 2374 613 2425 benevolentia
628 2389 709 2426 rerum
726 2391 835 2428 mearum
853 2377 930 2430 decus
948 2394 992 2444 po—

198 2468 274 2518 situm
292 2465 433 2517 arbitrabar.
469 2466 572 2530 Utrique
594 2471 703 2516 nostrum
728 2466 878 2531 professoria
893 2471 993 2533 provin·

199 2554 239 2604 cia
255 2551 379 2604 destinata
396 2557 455 2602 erat.
493 2552 529 2602 Te
548 2552 707 2617 expectabat,
727 2555 749 2604 si
768 2569 807 2605 res
827 2569 858 2604 ex
879 2554 993 2619 Hugcuis

199 2641 321 2690 sententia
337 2641 507 2698 successisset
522 2639 630 2689 doctoris
649 2641 675 2688 in
694 2639 780 2690 eadem
790 2641 895 2706 Georgia
903 2641 992 2706 Augu-

199 2729 238 2776 sta
254 2739 352 2785 munus,
369 2729 397 2775 ut
415 2727 506 2776 iustam
525 2724 604 2775 almae
620 2727 693 2776 matri
710 2726 856 2793 rependeres
874 2730 992 2792 gratiam

198 2825 239 2863 me
249 2809 360 2878 Asopius
371 2811 496 2877 Epirotes,
513 2813 555 2876 qui
570 2813 620 2862 iam
633 2812 827 2878 quadragenario
844 2816 923 2864 maior
939 2819 991 2864 stu-

197 2897 294 2948 diorum
312 2911 387 2949 causa
396 2896 525 2963 Gottingae
541 2897 689 2960 versabatur,
705 2899 841 2966 perillustri
860 2899 988 2952 riroGuil-
