2208 3402
546 269 595 316 104

209 384 340 450 Discipuli,
358 387 380 435 si
396 385 468 436 modo
487 391 545 436 sunt
564 394 631 438 recte
648 389 764 445 instituti,
789 390 979 452 praeceptorem

172 480 197 528 et
218 482 300 526 emant
320 480 345 526 et
364 481 513 528 reverentur.
655 477 740 536 Qurru.
748 477 809 528 Inst.
818 480 841 536 2,
849 479 873 534 2,
881 479 904 526 8.

207 566 351 631 Discipulos
370 582 474 625 moneo,
502 572 530 618 ut
548 573 722 633 praeceptores
740 583 798 618 suos
824 583 873 618 nou
893 569 978 616 minus

173 671 248 722 quam
265 659 321 722 ipsa
340 657 424 708 studie
441 663 523 708 ament
541 664 566 710 et
584 663 697 724 parentes
722 674 777 709 esse
803 674 852 708 non
875 657 980 722 quidem

173 761 316 812 corporum,
334 748 378 799 sed
394 751 515 800 nentium
532 748 642 800 credent.
678 749 790 800 Multum
815 749 878 800 haec
896 750 979 814 pietas

173 836 270 888 confert
286 839 376 888 studio.
796 839 904 889 Idibid.

208 927 401 992 Praeceptorum
420 930 486 994 apud
505 945 551 980 nos
570 946 659 994 magna
678 933 777 988 caritas,
795 945 886 994 magna
905 943 977 980 rere-

174 1020 256 1068 rentia
273 1024 310 1070 est
312 1057 416 1068 .....
433 1019 504 1070 Emis
524 1020 675 1070 abonorum
704 1023 794 1070 artium
818 1023 980 1085 praeceptore

174 1122 227 1158 rem
244 1107 463 1167 inaestimabilem,
490 1111 574 1161 studia
600 1110 717 1162 liberalia
733 1115 758 1161 et
780 1112 857 1160 animi
874 1109 980 1160 cultum.

174 1199 262 1263 ltaque
281 1201 304 1250 ei
320 1214 368 1248 non
386 1201 423 1250 rei
440 1202 555 1264 pretium,
578 1201 622 1251 sed
641 1215 729 1266 operae
748 1201 858 1258 solvitur,
877 1197 944 1264 quod
964 1214 980 1248 a

175 1287 251 1339 rebus
271 1290 323 1339 suis
344 1295 459 1340 evocatus
481 1289 552 1340 nobis
574 1300 659 1351 vecat;
690 1291 829 1342 mercedem
853 1305 902 1340 non
925 1305 980 1341 me·

175 1379 225 1435 riti,
246 1379 291 1429 sed
311 1381 477 1444 occupationis
495 1395 555 1430 suae
573 1379 628 1430 fert.
671 1379 940 1438 Snn.deben.6,15‚2.

212 1468 290 1519 Nosse
315 1468 392 1520 uelint
419 1483 517 1528 omnes,
544 1470 683 1521 mercedem
707 1471 801 1521 solvere
827 1485 905 1521 nemo.

704 1559 941 1620 Ievrn.Sat.7‚l57.

391 1685 425 1719 Da
439 1685 562 1726 discipulis
575 1687 599 1721 et
611 1687 764 1721 auditoribus.

214 1771 329 1820 Maxima
347 1768 452 1820 debetur
470 1785 547 1833 puero
567 1773 711 1821 reverentia
736 1772 816 1824 lover.
828 1771 872 1823 Sat
888 1777 928 1834 14,
936 1776 980 1824 47.

216 1859 299 1910 Facile
318 1864 356 1910 est
373 1859 511 1910 auditorem
529 1862 652 1912 concitare
671 1862 703 1912 ad
722 1863 883 1928 cupiditatem
901 1864 979 1914 recti:

180 1949 293 2002 omuibus
313 1952 378 2000 enim
392 1955 479 2000 natura
498 1949 658 2002 fundamenta
675 1953 745 2004 dedit
773 1968 906 2018 semenque
929 1955 981 2005 vir·

179 2044 269 2092 tutum.
669 2042 723 2093 Sur.
731 2043 810 2108 Epist.
820 2046 908 2102 lotia

216 2132 391 2196 Praeceptorcs
409 2132 466 2197 plus
484 2132 575 2183 laboris
598 2131 679 2183 eliis
706 2133 840 2198 discipulis
867 2137 980 2199 exigunt,

181 2223 208 2273 in
227 2221 318 2286 quibus
336 2224 426 2273 certior
442 2203 498 2288 spes
521 2229 565 2274 est.
653 2223 855 2290 studeprovt,
868 2229 907 2276 11.

215 2311 278 2362 Sunt
296 2315 339 2378 qui
357 2328 413 2364 cum
432 2313 598 2378 pugillaribus
616 2316 721 2374 venient,
742 2330 790 2365 non
808 2320 837 2366 nt
855 2331 895 2366 res
911 2318 981 2367 exci-

181 2403 258 2468 pient,
275 2403 319 2454 sed
339 2408 367 2454 ut
388 2402 468 2454 verba.
667 2404 721 2456 Suu.
729 2405 809 2470 Epist.
821 2409 878 2465 108,
886 2409 908 2456 6.

330 2529 510 2571 Praeceptor-um
523 2531 634 2574 frequen·
646 2530 742 2566 mutatio
754 2532 830 2567 nocet.

198 2598 227 2634 1n
240 2599 380 2642 duotpnlum
392 2600 433 2643 qul
444 2602 517 2637 vult·
529 2601 603 2638 utitur
614 2601 806 2644 praeceptoribus
819 2602 905 2638 cadum
917 2603 961 2638 lua

542 2673 626 2708 uerba:

217 2755 272 2807 Non
286 2755 435 2808 convalescit
452 2756 543 2822 planta,
563 2772 626 2823 quae
644 2772 717 2822 saepe
736 2757 892 2809 transfertur.

737 2847 878 2913 Sur.Epist.
888 2853 911 2908 2,
919 2853 942 2901 8.
