2212 3406
483 297 547 332 xm

117 387 203 442 cessit.
219 400 307 448 magne
323 383 370 436 tibi
387 385 415 434 id
433 387 501 435 stetit
519 387 605 450 pretio.
630 385 692 436 Nam
714 401 770 436 cum
788 388 838 436 iarn
858 391 914 436 ante

119 475 193 539 longa
212 475 383 525 imbecillitate
408 475 511 526 affectus
535 481 559 526 te
580 491 654 540 supra
667 478 732 526 vires
750 476 915 535 extendisses,

117 581 168 616 nen
182 568 271 616 mirum
289 565 368 616 rideri
387 565 468 623 debet,
485 566 550 630 qued
569 573 668 632 propter
679 581 807 617 nervorum
821 567 915 618 valetu-

118 655 203 706 dinem
227 670 315 721 eorpns
340 671 418 722 paene
434 655 570 722 collapsum
589 663 634 708 est.
671 657 718 707 illo
737 657 839 722 quidem
853 673 915 708 anno

119 749 223 799 marinis
240 761 301 797 usus
315 746 379 797 nihil
397 746 450 797 iere
468 745 610 812 profecisti;
627 747 713 798 eadem
733 751 858 798 curatione
868 747 915 798 ali·

120 842 181 902 quot
198 836 391 901 insequentibus
416 840 487 888 annis
511 837 625 888 adhibita
646 837 722 889 leuari
744 838 845 903 quidem
868 838 915 889 ali-

120 931 241 992 quantum
255 927 388 986 videberis,
407 929 451 978 sed
472 944 504 978 ex
521 929 675 979 incommoda
683 929 824 980 valetudine
837 943 917 979 emer-

122 1033 181 1083 gere
198 1034 323 1084 nunquam
336 1020 439 1084 posthae
456 1021 566 1084 potuisti.
602 1019 635 1070 Et
653 1021 703 1070 nisi
721 1020 840 1085 Iosephus
856 1019 917 1079 dux,

121 1112 193 1160 cuius
212 1111 290 1160 arumi
307 1109 447 1173 benignitas
465 1125 513 1160 non
531 1109 665 1174 &aequari
683 1115 763 1175 potest
784 1113 834 1162 uisi
851 1115 917 1162 cete-

120 1202 156 1250 ris
181 1201 236 1250 eins
261 1199 407 1258 virtutibus
436 1199 612 1264 perindulgens
635 1202 662 1250 in
687 1205 711 1250 te
732 1200 822 1252 fuisset
843 1207 918 1266 atque

122 1292 188 1342 omni
211 1290 283 1342 modo
306 1291 343 1340 tui
367 1291 476 1340 muneris
493 1289 590 1341 labores
609 1290 774 1350 sublevasset,
798 1293 848 1342 iam
865 1297 918 1344 tum

121 1381 153 1431 ab
184 1383 250 1432 omni
275 1382 312 1430 rei
334 1380 449 1445 publicae
471 1379 684 1431 administratione
708 1381 848 1432 abeundum
871 1382 918 1434 tibi

121 1476 181 1522 eret.
218 1472 287 1522 Haec
306 1477 349 1520 trra
368 1475 419 1520 erat
438 1472 503 1522 ritae
517 1471 716 1536 valetudinisque
728 1473 843 1531 conditio,
862 1487 919 1523 cum

122 1562 327 1627 quadragesimus
351 1567 451 1612 octavus
476 1562 551 1612 huius
578 1561 672 1612 saeculi
694 1578 786 1620 annus,
812 1565 856 1627 qui
873 1564 920 1614 toti

121 1655 218 1719 patriae
236 1651 350 1702 funestus
368 1656 420 1701 erat
438 1650 545 1710 futurus
560 1655 708 1718 supervenit.
744 1653 857 1704 Nondum
875 1669 918 1703 no-

122 1757 208 1795 varum
230 1757 325 1800 rerum,
351 1756 413 1806 quas
433 1741 499 1792 Galli
516 1746 541 1793 et
558 1745 585 1792 in
603 1745 685 1808 pravis
704 1745 778 1793 etiam
797 1744 919 1794 rebusad

122 1848 207 1885 eorum
225 1835 387 1884 imitationem
405 1832 481 1884 lecile
498 1849 525 1882 se
542 1833 628 1883 dantes
640 1834 754 1884 Germani
769 1833 920 1894 molirentur,

121 1938 206 1974 rumor
228 1928 270 1973 aut
294 1922 361 1974 fame
385 1923 417 1973 ad
440 1927 464 1972 te
484 1929 639 1988 pervenerat,
662 1939 718 1974 cum
737 1925 847 1982 medico,
871 1939 920 1988 quo

122 2014 234 2066 utebaris
251 2019 275 2064 et
293 2016 432 2064 etiamnunc
450 2016 535 2072 uteris
555 2016 615 2064 artis
630 2031 689 2065 suae
698 2016 921 2080 experientissimo,

122 2105 188 2156 Iulio
207 2103 332 2169 Goepelie
350 2106 391 2154 cui
409 2103 539 2169 plurimam
557 2105 662 2155 salutem
676 2107 803 2170 impertias
814 2111 838 2155 te
849 2103 921 2156 valde

123 2211 196 2260 rogo,
216 2210 264 2244 non
283 2194 411 2254 suadente,
431 2194 476 2245 sed
495 2199 598 2258 urgente
616 2200 641 2244 et
658 2201 752 2246 tautum
770 2211 817 2246 nen
835 2201 921 2261 pestu-

123 2287 192 2336 lante
217 2287 325 2336 muneris
349 2286 501 2335 vacationem
526 2285 634 2350 petebas
680 2286 811 2354 Goepelius
840 2291 922 2337 autern

123 2375 242 2428 censebat
263 2377 451 2440 certissimaque
472 2375 607 2428 declaravit
628 2378 798 2428 testificatione
815 2379 853 2427 tui
869 2391 922 2428 cor-

123 2469 194 2533 poris
220 2469 284 2517 vires
311 2468 347 2517 ita
364 2465 507 2516 debilitatos
525 2481 595 2526 esse,
619 2472 653 2526 ut,
671 2470 694 2518 si
711 2467 805 2518 diutius
825 2469 852 2517 in
872 2471 922 2517 sta·

126 2555 194 2604 tione
222 2567 346 2611 maneres,
370 2568 419 2602 une
436 2567 492 2604 oum
513 2567 613 2620 corpore
631 2555 705 2604 etiam
722 2556 799 2604 enimi
817 2555 923 2616 ingenii-

125 2655 176 2706 que
194 2643 259 2691 vires
276 2639 447 2690 succubiturae
464 2644 556 2698 essent,
573 2654 637 2705 quae
653 2655 692 2690 res
705 2638 772 2690 hand
787 2653 863 2704 parva
873 2639 925 2703 ipsi

125 2725 295 2792 reipublicae
313 2725 418 2776 allatura
438 2731 507 2776 essct
523 2726 683 2777 incommoda.
719 2725 781 2778 Cum
798 2723 924 2790 amplissi-

125 2827 167 2864 mo
183 2812 313 2863 verborum
330 2813 421 2862 honore
436 2818 504 2862 tuam
521 2815 594 2864 unice
609 2813 713 2863 salutem
725 2813 861 2876 respiciens
872 2811 925 2862 dux

126 2900 236 2964 optimus
255 2903 280 2948 te
299 2897 412 2959 dimisit3
433 2903 502 2963 grato
520 2899 686 2965 leprosecuti
703 2899 783 2948 auimo
803 2901 860 2947 sunt
877 2895 924 2948 Al-
