2212 3406
563 284 628 319 xvlrr

194 377 245 424 tam
262 375 311 423 iam
329 387 399 437 spem
416 371 560 422 habentium
578 373 671 436 patriae
686 370 716 421 ab
734 369 847 421 hostibus
859 368 990 418 'liberatae

197 463 245 516 Sed
264 462 311 514 hac
330 468 381 512 tum
400 463 513 527 opinione
532 477 590 512 mox
607 462 698 512 deiecti
717 475 809 511 sumus.
841 460 902 509 Nam
920 458 994 522 pauci

196 553 236 604 illi
261 551 485 603 confoederatorum
508 554 660 602 exercituum
679 563 849 616 praecursores
874 550 994 613 impetum

198 643 399 707 subsequentium
425 642 563 701 Gallorum,
588 657 691 706 quorum
715 639 812 692 turbata
830 639 931 704 quidem
950 651 995 701 ag·

197 734 265 786 mina
282 737 359 792 erant,
377 732 421 784 sed
440 734 538 796 agmina
554 737 636 782 tamen
654 736 721 782 erant
740 745 840 780 numero
863 729 936 792 longe
953 743 995 778 su-

198 824 302 890 periora,
326 825 448 874 sustinere
474 839 522 873 non
545 827 663 887 poterant.
715 822 765 872 Per
788 826 838 871 tres
863 821 917 870 dies
938 820 996 870 toti-

199 912 305 977 demque
323 919 406 964 noctes
426 912 575 977 fugientium
591 911 778 963 continuabatur
788 913 849 972 iter3
864 912 943 976 primo
954 909 997 960 die

199 1002 406 1067 frequentioribus
425 1003 560 1054 latrociniis
578 1003 666 1054 incolis
695 1001 839 1053 suburbium
856 1001 997 1050 inhabitan-

200 1092 267 1144 tibus
285 1093 371 1144 infesti
390 1093 452 1144 facti
471 1098 541 1154 suut;
558 1094 634 1144 altero
652 1098 676 1144 et
693 1095 764 1144 tertio
782 1092 824 1142 die
841 1095 938 1157 praeter
955 1104 997 1140 ur-

200 1183 258 1235 bem
276 1183 497 1234 transduoebantur
522 1185 633 1248 agmina,
660 1185 794 1234 novissima
813 1181 941 1232 ordinibus
958 1183 999 1231 in-

200 1276 343 1340 compositis
360 1273 437 1324 effuse
457 1273 585 1326 veniebant
603 1279 627 1324 et
645 1275 737 1324 cursim
754 1272 888 1338 pergebant
900 1273 931 1322 ad
944 1271 1000 1322 loca

201 1365 288 1416 Rheno
312 1366 431 1431 propiora.
474 1363 534 1414 Urbi
556 1365 657 1429 quidem
684 1378 726 1430 pro
747 1369 856 1428 tempore
874 1368 1000 1426 utcunque

200 1455 353 1522 parcebatur,
370 1455 415 1506 sed
432 1457 457 1504 in
475 1456 537 1506 vicis
554 1457 694 1520 promiscue
711 1453 891 1520 praedabantur
906 1452 1000 1502 milites

202 1550 226 1597 et
249 1560 294 1612 per
316 1559 429 1608 magnam
453 1546 561 1595 noctium
586 1549 681 1610 partem
709 1545 807 1595 lucidus
840 1544 902 1594 coeli
928 1542 1001 1593 ardor

202 1639 252 1686 tam
282 1637 474 1701 propinquorum
505 1649 579 1698 quam
612 1635 801 1699 longinquorum
831 1633 1001 1684 incendiorum

203 1727 312 1792 speciem
331 1723 469 1790 praebebat.
491 1725 592 1776 interim
610 1723 682 1784 fama,
701 1740 764 1788 quae
782 1726 863 1774 omnia
879 1725 906 1773 iu
920 1724 1001 1773 maius

203 1815 314 1874 extollit,
340 1815 493 1883 Gottingam,
516 1814 560 1865 ubi
584 1820 611 1865 tu
637 1815 774 1866 studiomm
792 1830 867 1866 causa
885 1813 1001 1865 versaba-

202 1907 246 1965 ris,
264 1911 407 1971 perrenerat
425 1905 510 1956 urbem
529 1907 609 1971 ipsam
634 1905 748 1956 incendio
770 1905 882 1969 flagrare,
906 1918 1002 1954 summa

203 1998 262 2048 imis
281 1997 347 2060 apud
363 2012 407 2046 nos
425 1997 531 2048 misceri.
569 1997 608 2046 'lu
628 2011 684 2046 cum
702 1995 796 2059 aliquot
816 1993 1002 2046 amicisGotha-

205 2087 245 2138 nis
268 2086 317 2136 huo
340 2085 476 2136 festinabas
499 2088 563 2136 inter
589 2086 666 2136 multa
696 2085 813 2150 pericula,
845 2100 901 2136 cum
924 2085 1002 2150 pedes

205 2178 254 2227 iter
270 2175 380 2226 faciebas
398 2177 504 2241 primum
522 2190 566 2240 per
589 2175 672 2226 media
692 2177 846 2225 exercituum
872 2174 1003 2226 confoede-

206 2271 314 2318 ratorum
332 2267 442 2330 agmina,
470 2271 521 2314 tum
543 2279 588 2330 per
611 2265 735 2316 Gallorum
759 2263 907 2330 fugientium
925 2270 1004 2316 cater-

207 2372 258 2409 ras.
292 2355 382 2420 Sospes
400 2355 432 2405 ad
452 2357 558 2421 sospites
577 2369 632 2406 cum
646 2357 814 2424 pervenisses,
839 2370 928 2420 magna
951 2371 1004 2406 om-

207 2443 276 2493 nium
302 2441 410 2499 laetitia,
434 2445 564 2506 postquam
590 2441 684 2505 aliquot
709 2441 762 2490 dies
782 2441 814 2491 ad
831 2443 940 2506 quietem
959 2440 1006 2491 tibi

210 2527 310 2586 dedisti,
328 2531 385 2592 post
403 2529 524 2592 ingratam
550 2527 620 2578 illam
644 2528 853 2593 intercapedinem
875 2527 906 2578 ad
923 2527 1007 2578 studia

208 2619 350 2670 intermissa
366 2619 495 2669 revertisti.

243 2703 285 2756 Sic
303 2704 388 2755 multis
409 2705 488 2754 modis
507 2705 645 2756 studiorum
663 2709 800 2756 nostrorum
825 2705 943 2755 rationem
967 2706 1006 2754 in-

207 2795 363 2862 terpellatam
387 2809 456 2852 esse,
485 2795 604 2859 quamdin
626 2794 687 2846 balli
714 2795 786 2846 sedes
812 2794 852 2846 his
882 2795 909 2844 in
932 2796 1005 2845 terris
1087 2843 1088 2846 ,

209 2887 268 2942 erat,
287 2880 362 2933 facile
379 2884 417 2932 est
435 2881 467 2931 ad
484 2880 681 2946 intelligendum.
720 2881 812 2934 Verum
838 2881 927 2931 mentis
953 2881 1006 2931 ani-
1087 2875 1088 2918 ἶ
