2174 3400
496 280 543 325 167

158 395 241 445 Elatie
261 397 336 444 animi
355 397 376 445 si
394 398 490 446 iustitia
508 402 584 454 vacat,
603 399 629 445 iu
645 399 705 447 uitio
723 404 767 448 est.
825 461 827 465 .

582 485 633 536 Cre.
641 489 673 538 de
680 487 718 536 eff.
730 493 751 546 1,
761 491 848 546 ruet.

157 577 346 626 Meminerimus
367 579 442 627 etiam
466 577 583 628 adversus
601 579 696 628 infimos
719 581 839 628 iustitium
862 595 916 630 esse

119 667 273 717 servandam.
579 668 630 719 Cre.
639 670 669 719 de
677 669 747 727 etii,
759 673 795 726 13,
804 674 844 720 41.

399 795 433 830 ne
446 795 538 830 inrui-ris
550 795 635 830 imaue
711 838 714 845 ¹

157 877 247 927 Multis
263 879 371 926 minatur
393 879 436 941 qui
453 880 497 927 uni
514 878 575 934 feeit
594 881 717 929 iniuriam.

432 969 506 1048 Pupi.
515 969 569 1020 Sru.
579 973 658 1034 torp.
668 969 843 1020 eruedribb.

157 1057 281 1120 Accipere
298 1073 372 1122 quam
390 1057 472 1108 faeere
490 1065 599 1124 praestat
616 1061 739 1110 iniurium.

585 1149 847 1208 Cre.Tuse.5‚l9‚56.

157 1239 245 1302 Magni
263 1240 339 1288 animi
350 1245 387 1289 est
399 1241 503 1289 iniurias
515 1241 648 1304 despicere.
669 1241 723 1291 Sur.
731 1241 762 1290 de
768 1243 834 1297 ira2.
842 1243 881 1298 32,
891 1245 914 1291 3.

158 1328 235 1394 Saepe
254 1332 331 1380 satius
349 1329 398 1380 suu
414 1331 571 1382 dissirmrlare
590 1347 663 1394 quam
684 1331 780 1381 ulcisci.

596 1424 650 1472 Suu.
659 1423 733 1472 deira
742 1425 844 1480 2‚33‚1.

155 1509 207 1559 Aut
224 1513 346 1575 potentior
364 1519 388 1561 te
406 1518 447 1562 aut
466 1512 606 1563 iubeeillim
623 1513 707 1562 laesit:
729 1514 750 1562 si
767 1511 915 1568 inbecillior,

120 1615 194 1664 paree
212 1601 264 1660 iili3
283 1603 305 1652 si
323 1605 453 1666 potentior,
473 1603 525 1653 tibi.
590 1589 593 1594 ⁸
612 1602 666 1653 Sim.
675 1601 705 1653 de
712 1605 779 1660 ira3‚
789 1606 811 1660 5,
820 1603 843 1650 8.

156 1691 304 1741 Iniuriarum
322 1693 458 1743 remedium
477 1701 514 1743 est
532 1693 628 1744 oblivio.

430 1784 504 1833 Puer.
514 1783 568 1834 Sir.
577 1787 626 1832 222
634 1801 658 1850 p.
667 1787 698 1832 27
702 1787 716 1833 5
725 1784 763 1833 ed.
772 1781 844 1832 Ribb.

471 1911 505 1944 De
518 1911 593 1945 minis.

154 1992 230 2041 Nulla
246 1993 361 2042 minantis
381 1995 514 2043 aucteritas
530 1995 596 2058 apud
615 1993 706 2044 liberos
725 2001 769 2044 est.

266 2083 340 2132 Beer.
349 2090 373 2134 et
380 2082 449 2133 Cres.
458 2085 483 2133 in
491 2083 542 2134 Gre.
550 2085 630 2148 Epist.
638 2085 668 2134 ad
675 2083 733 2134 fam.
745 2088 784 2142 11,
794 2087 817 2142 3,
825 2087 847 2133 3.

154 2171 510 2224 Caristimidusrehemeutius
517 2175 668 2238 latrutquam
675 2175 776 2225 mordet.
785 2173 915 2232 Orsum.

154 2264 207 2312 Non
227 2278 323 2328 semper
342 2261 423 2322 feriet,
445 2264 616 2328 quodcumque
635 2263 771 2315 minabitur
790 2279 868 2314 arcus,

489 2408 491 2411 ,
513 2355 607 2404 Hermu.
619 2354 650 2405 de
656 2363 709 2405 erte
715 2362 779 2419 peet.
788 2359 845 2404 300.

441 2481 475 2516 ne
488 2481 587 2514 runicus..

155 2563 262 2614 Insidias
280 2563 390 2626 undique
409 2565 556 2614 inminentes
577 2564 661 2614 subire
680 2566 756 2615 semel
774 2567 851 2615 satius
877 2570 915 2615 est

122 2669 193 2718 quam
210 2667 297 2703 cavere
316 2669 418 2718 semper.
582 2654 723 2720 Cursiuap.
731 2656 797 2705 Suet.
806 2657 846 2704 86.

448 2781 483 2816 De
497 2781 591 2816 ultione.

153 2865 220 2914 Ultio
240 2865 332 2914 deteris
351 2863 473 2916 eeufessie
491 2876 535 2916 est.
614 2849 781 2924 8111111113,
790 2869 844 2923 5,8.
