2212 3406
551 293 590 327 111

196 379 237 418 lom
252 391 295 419 oras
315 382 431 420 hesternum
449 385 610 430 consumpsimus
627 385 648 422 et
664 393 744 431 semper
760 385 841 430 paulum
858 384 896 422 erit
910 384 970 424 ultro.

196 525 246 562 Vive
263 534 338 564 memor
355 527 403 564 leti:
420 527 471 574 fugit
488 529 544 578 hora,
560 529 599 567 hoo
619 530 673 576 quod
686 531 759 576 loquor
774 528 820 566 inde
842 528 879 566 est.

170 613 236 674 Quae
267 617 427 667 tremebunda
457 635 514 670 voce
545 619 697 684 proferebat,
735 634 862 683 quousque
897 634 971 668 sanae

170 707 259 755 mentis
295 722 349 766 ero,
386 705 517 775 {nunquam
549 726 581 759 ex
617 712 698 760 animo
740 709 841 760 effluere
882 709 969 772 patiar.

169 794 218 845 Sed
257 799 380 848 mittamus
410 801 506 850 tristem
541 799 611 850 illius
644 801 717 850 horae
747 801 904 857 memoriam,
935 799 969 848 si-

169 886 270 949 quidem
302 887 376 938 hodie
417 890 524 940 laetandi
559 893 641 956 potius
678 897 701 940 et
736 890 849 952 gratandi
892 893 970 938 mate·

167 977 230 1024 riam
261 977 387 1029 habemus.
470 981 516 1030 Est
548 983 613 1030 euim
652 981 693 1031 hic
730 982 798 1039 dica,
838 995 886 1044 quo
922 979 968 1028 has

148 1066 200 1115 *ad
224 1071 249 1116 te
278 1067 309 1117 do
332 1069 441 1130 litteras,
466 1073 488 1120 is
512 1073 567 1136 ipse
594 1071 662 1130 dies,
688 1087 735 1136 quo
754 1077 809 1120 ante
827 1070 872 1120 hos
885 1069 969 1122 0er

168 1172 243 1207 anuos
275 1158 326 1222 (die
358 1163 371 1208 9
407 1163 481 1210 Mart.
507 1160 743 1225 MDCOXXXXII)
781 1169 851 1224 pater
874 1161 900 1208 in
928 1159 967 1208 lu-

166 1261 220 1296 cem
252 1248 334 1298 editus
365 1255 416 1308 est,
448 1256 474 1300 ut
499 1256 565 1301 recte
589 1251 634 1300 deo
665 1257 746 1314 grates
772 1265 882 1314 agemus
900 1249 967 1314 quod

167 1338 200 1396 ei,
217 1352 262 1402 per
279 1353 352 1402 quem
370 1342 480 1404 generati
502 1357 594 1398 sumus,
614 1343 689 1392 vitam
706 1341 810 1404 largitus
830 1345 875 1398 est,
896 1339 966 1389 uobis

166 1442 223 1480 vero
243 1431 304 1479 tanti
324 1430 380 1480 boui
398 1447 470 1481 usum
490 1433 618 1482 concessit.
657 1431 697 1481 Ad
716 1431 778 1480 haec
802 1430 902 1494 reliquit
920 1446 964 1494 pa-

167 1528 204 1568 ter
222 1519 312 1568 laetam
331 1522 369 1569 sui
387 1522 436 1572 rivi
460 1522 606 1584 imaginem,
630 1536 704 1586 quam
729 1523 765 1570 ita
782 1522 862 1570 aniruo
883 1525 965 1570 nostro

165 1614 385 1673 repraesentemus,
403 1617 430 1660 ut
450 1611 511 1675 quid
526 1613 580 1661 eius
600 1611 754 1676 disciplinae,
775 1612 890 1661 severiori
909 1613 965 1674 qui-

167 1697 223 1748 dem
240 1699 288 1758 illi,
305 1706 333 1750 ut
350 1701 448 1750 illorum
467 1708 603 1766 temporum
619 1704 680 1752 ratio
697 1701 799 1760 ferebat,
821 1701 865 1752 sed
883 1707 965 1751 tamen

167 1788 197 1840 ab
223 1792 288 1840 omui
314 1793 445 1855 asperitate
472 1796 592 1851 remotae,
625 1792 771 1850 debeamuS,
796 1800 866 1856 grata
882 1798 964 1843 mente

165 1880 308 1930 recolamus.
345 1879 421 1930 Nobis
439 1883 516 1944 igitur
534 1885 626 1946 pueris,
650 1885 692 1946 qui
718 1885 782 1948 patri
800 1883 898 1948 probari
916 1886 963 1933 mi-

165 1969 276 2020 rabiliter
293 1970 459 2035 cupiebamus,
482 1972 608 2022 ardentem
630 1987 714 2022 earum
737 1973 882 2033 litterarum,
903 1989 963 2038 qua-

165 2076 218 2110 rum
243 2062 366 2128 voluptate
392 2063 471 2126 ipsius
496 2063 592 2111 animus
615 2062 729 2127 expletus
755 2070 814 2122 erat,
832 2063 964 2115 instillavit

165 2166 272 2202 amorem
291 2167 395 2216 eumque
409 2153 449 2202 sic
462 2152 566 2202 timuerit
584 2154 610 2201 iu
628 2155 718 2203 uostris
738 2155 835 2212 animis,
855 2159 882 2204 ut
900 2169 962 2204 uuu-

166 2256 240 2306 quam
262 2243 292 2293 ab
313 2257 341 2292 eo
360 2242 556 2292 discesserimus

201 2348 293 2415 Optimi
309 2352 387 2415 patris
405 2350 510 2401 consilia
527 2359 612 2410 mater,
631 2366 695 2416 quac
719 2357 828 2404 nostrum
846 2355 963 2404 amantis·

166 2443 229 2492 sima
248 2441 304 2500 fuit,
323 2447 442 2506 quantum
459 2443 486 2492 iu
503 2443 560 2507 ipsa
578 2449 637 2502 erat,
654 2442 788 2508 prudenter
807 2444 909 2495 adiuvit.
925 2444 963 2494 Ea

165 2530 236 2581 uobis
255 2537 349 2582 tantum
366 2530 450 2582 oberat
466 2537 494 2582 ut
510 2532 580 2583 molli
599 2532 644 2583 illa
661 2532 814 2592 educatione,
831 2547 905 2598 quam
923 2535 962 2584 in—

163 2621 315 2686 dulgentiam
335 2637 462 2680 vocamus,
486 2624 576 2672 mentia
601 2625 758 2688 corporisque
781 2626 845 2675 vires
863 2623 962 2689 frange·

163 2717 208 2769 ret,
225 2715 260 2769 ut,
281 2726 336 2762 cum
358 2712 390 2762 de
416 2715 502 2778 patris·
514 2714 636 2779 sapientia
653 2714 703 2778 ipsi
723 2729 868 2778 persuasum
888 2721 962 2776 osset,

163 2801 195 2852 ad
214 2803 267 2852 eius
288 2801 444 2867 disciplinam
462 2819 506 2854 uos
522 2804 614 2867 fingere
632 2803 748 2854 studeret.
791 2803 905 2856 Ceterum
916 2822 961 2872 pa·

162 2893 208 2943 tris
226 2890 334 2942 moribus
346 2897 424 2942 mater
441 2894 476 2943 ita
493 2891 578 2958 dispar
595 2897 655 2952 erat,
679 2900 707 2944 ut
732 2893 776 2944 illo
794 2897 889 2960 antiqui
908 2911 960 2947 mo-
