2212 3406
564 273 596 322 28

181 389 323 441 habitururn
341 393 374 442 sit
391 405 480 457 corpus
499 408 545 442 neu
567 393 622 444 dice
639 393 670 443 ed
688 407 792 450 annum,
820 392 865 444 sed
885 391 917 442 ed
934 407 977 444 ve-

182 480 301 546 sperum?
633 482 685 535 Gre.
693 483 725 535 de
736 483 776 533 fin.
785 485 908 542 2‚28‚92.

215 571 303 622 Nescis
323 571 384 637 quid
402 589 489 640 vesper
505 588 575 624 serus
594 573 674 645 vehet.

284 662 398 729 Inscript.
406 663 455 715 Sat.
472 666 541 716 Men.
549 665 657 716 Vnrnou.
664 663 730 730 apud
742 665 821 714 Mser.
829 662 879 713 Sat.
889 665 910 720 1,
920 665 943 712 7.

217 753 271 802 Non
288 757 325 804 est
342 753 415 805 crede
430 755 492 805 mihi
511 757 630 820 sepientis
647 755 742 806 dicere:
762 755 865 814 Vivam

249 842 309 894 Sera
319 846 393 894 nimis
408 847 459 896 vita
470 850 508 896 est
519 847 634 904 crastina,
644 847 699 896 vive
711 844 792 896 hodic.
812 845 928 902 Munnl,
938 845 977 893 16.

215 930 292 992 Quem
322 934 426 985 stultum
451 941 488 986 est
511 940 616 987 aetatem
646 935 789 1000 disponere!
819 951 849 985 ne
872 935 979 985 crastino

176 1021 281 1087 quidem
299 1023 459 1075 dominamur.
668 1025 722 1076 Snn.
729 1025 810 1091 Epist.
820 1027 909 1082 101‚4.

214 1113 323 1180 Propere
339 1116 421 1166 vivere
438 1120 463 1166 et
483 1116 594 1178 singulos
613 1115 668 1167 dies
689 1116 800 1180 singulas
820 1117 885 1167 ritas
909 1118 977 1180 puts.

646 1206 701 1258 Sne.
708 1206 789 1272 Epist.
800 1210 857 1265 101,
867 1209 907 1257 10.

215 1294 280 1344 Dum
300 1294 413 1346 differtur
428 1297 491 1355 rite,
513 1299 665 1348 transcurrit.
702 1296 906 1362 Snu.Epist.1,3.

215 1383 288 1436 Certe
298 1387 442 1446 amittimus,
454 1387 514 1437 dum
523 1389 618 1439 incerte
627 1390 742 1454 petimus,
753 1393 827 1453 atque
838 1388 885 1438 hcc
897 1387 979 1438 evcnit

214 1475 244 1526 In
258 1475 341 1527 labore
358 1481 433 1540 utque
451 1479 478 1527 in
492 1477 582 1537 delore,
601 1483 629 1529 ut
647 1493 715 1530 mors
731 1478 832 1544 obrepet
849 1479 956 1529 interim.

601 1569 693 1620 Pnnuu.
700 1568 793 1620 Pseud.
802 1571 825 1626 2.
832 1573 855 1626 3,
865 1571 904 1620 19.

214 1675 292 1725 Multi
310 1679 437 1726 transeunt
456 1677 545 1734 vitem,
575 1674 635 1726 duur
653 1677 718 1727 ritae
737 1677 901 1727 instrumente
917 1691 977 1728 con·

180 1766 288 1830 quirunt.
665 1765 906 1831 Snuupistnuru.

212 1854 332 1920 Exceptis
351 1855 483 1906 admodum
499 1857 585 1921 paucis
604 1859 699 1906 ceteros
717 1857 743 1906 in
759 1857 814 1921 ipsc
824 1859 889 1909 ritae
899 1857 976 1924 adpe-

178 1949 234 1996 rutu
250 1947 303 1996 'vita
322 1945 443 1996 destituit.
624 1945 718 1997 Sinde
728 1945 874 2006 brer.vit.l,
884 1952 906 1998 1.

213 2052 284 2104 Nihil
301 2068 379 2118 aeque
398 2051 444 2103 tibi
460 2051 582 2118 profuerit
600 2051 632 2102 sd
656 2055 842 2117 temperantium
867 2056 976 2106 omnium

178 2157 267 2202 rerum,
285 2158 359 2208 quarn
383 2142 500 2207 frequens
525 2143 642 2206 cegitatio
667 2141 748 2194 brevis
772 2145 827 2196 aevi
851 2149 876 2196 et
900 2143 976 2198 huius

178 2234 274 2284 incerti.
648 2232 906 2298 Snn.Epist.ll4„27.

214 2338 299 2390 Omnis
324 2340 392 2396 dies,
417 2341 496 2390 omnis
519 2339 579 2389 hore
597 2354 670 2404 quem
692 2339 756 2390 nihil
771 2341 849 2392 simus
868 2340 977 2392 ostendit

179 2435 203 2481 et
221 2429 305 2493 aliquo
323 2433 465 2493 argumento
489 2430 583 2480 recenti
606 2429 721 2482 admouet
741 2429 887 2495 fragilitatis
912 2431 976 2483 obli·

178 2523 229 2571 tus:
255 2523 307 2569 turn
331 2524 430 2570 aeterne
448 2519 580 2570 meditatos
597 2522 720 2586 respicere
738 2523 805 2585 cogit
820 2521 852 2572 ed
865 2525 975 2574 mertem.

663 2610 718 2662 Suu.
725 2611 806 2677 Epist.
816 2615 873 2671 101,
883 2617 904 2662 1.

213 2699 253 2750 Ex
274 2701 325 2751 vite
342 2701 378 2750 ite
394 2699 502 2759 discedo,
520 2705 644 2766 tamquam
657 2717 690 2752 ex
707 2701 828 2767 hospitio.
846 2715 895 2754 nun
912 2706 976 2753 tum·

178 2805 252 2855 quem
272 2806 305 2841 cx
322 2790 401 2840 dome.
438 2789 609 2843 Commorandi
630 2793 696 2843 enim
712 2791 977 2845 ueturadeversorium

178 2879 256 2938 nobis.
275 2895 323 2930 nen
342 2879 471 2932 habitandi
484 2881 560 2934 dedit.
629 2881 904 2942 auennensem.
