2174 3400
420 325 422 330 .
472 290 520 336 145

131 407 202 468 Quod
224 409 297 458 inuris
314 409 398 458 miseri
417 408 507 464 rolune
527 407 574 458 hoe
592 405 667 456 facile
683 406 792 457 credunt.

522 477 576 527 San.
586 477 660 526 Herc.
669 477 724 531 Fur.
734 479 757 534 2,
765 479 822 526 313.

133 565 201 634 Quae
219 568 338 627 volumus,
356 575 380 618 et
398 568 520 619 credimus
544 567 658 626 libenter,
681 573 706 616 et
730 581 793 630 quae
818 568 893 616 senii-

93 671 154 706 mus
164 659 222 722 ipsi,
240 658 349 722 reliquos
360 661 451 708 sentire
463 673 597 724 speramus.
616 656 689 707 Cras
697 656 754 707 bell.
762 659 807 708 cir.
817 659 841 715 2,
850 660 891 706 27.

404 756 407 761 '
445 772 479 806 oe
492 771 546 805 nuo.

135 841 218 890 Tarda
235 842 297 892 solet
325 845 419 906 magnis
446 842 518 892 rebus
542 843 624 890 inesse
650 841 716 891 tides.

572 908 641 961 Ovro.
651 911 708 960 Her.
718 914 757 968 17,
767 915 823 960 130.

133 999 321 1063 Experimentis
339 1003 429 1066 optime
447 1000 561 1050 creditur.
588 999 656 1050 Pera.
664 1002 694 1050 N.
702 1001 813 1060 Hiar,
821 1006 845 1060 4,
853 1004 893 1051 24.

262 1105 286 1150 7.
300 1107 341 1149 De
354 1106 545 1150 admonitione
558 1109 586 1150 et
599 1107 741 1160 adloquio.

135 1184 242 1232 Monitio
261 1182 402 1240 acerbitate,
420 1182 557 1246 obiurgatio
582 1184 730 1234 contumelia
752 1193 839 1236 careat.

598 1252 650 1303 Grc.
658 1253 726 1303 Lael.
734 1256 774 1312 24,
782 1257 823 1305 89.

135 1343 184 1392 Illa
201 1344 334 1407 castigatio
355 1341 479 1393 efficacior
495 1353 532 1392 est
551 1349 575 1392 et
593 1343 669 1393 altius
688 1349 813 1408 penetrat,
832 1359 896 1409 quae

101 1433 202 1484 adiuvat
219 1435 314 1483 ratione
333 1433 400 1496 quod
417 1435 544 1498 praecipit,
563 1434 718 1498 quaestion,
736 1449 811 1499 quare
822 1436 896 1500 quid-

100 1539 150 1589 que
168 1523 309 1574 faciendum
330 1525 363 1573 sit
391 1530 416 1572 et
439 1524 495 1586 quis
520 1522 651 1573 facientem
677 1524 896 1590 oboedientemque

101 1617 240 1680 praeceptis
257 1613 353 1664 fructus
370 1621 491 1676 expectet.
590 1613 644 1663 San.
652 1613 731 1678 Epist.
740 1617 825 1673 94,44.

137 1703 335 1756 Inbecillioribus
354 1703 460 1766 ingeniis
475 1717 577 1752 necesse
594 1709 631 1752 est
656 1703 763 1767 aliquem
788 1707 895 1770 praeire:

101 1796 149 1845 hoc
166 1794 263 1854 vitabis
281 1794 329 1844 hoo
347 1793 432 1842 facies.
629 1792 725 1843 Senib.
735 1798 775 1852 94,
785 1799 825 1845 50.

137 1885 274 1948 Praecepta
298 1883 356 1933 dare
383 1884 471 1933 scienti
500 1897 679 1946 supervacuum
700 1891 748 1942 est,
776 1888 896 1937 nescienti

103 1987 196 2040 parurn.
589 1973 730 2037 SunEpist
738 1977 826 2032 94‚11.

136 2061 190 2110 Non
207 2058 277 2110 aliud
297 2059 439 2122 praecipere
457 2058 542 2115 debes,
561 2060 609 2107 nisi
627 2058 693 2121 qued
706 2061 774 2124 prius
786 2061 831 2112 tibi
842 2065 896 2130 ipse

104 2150 269 2214 imperaveris,
559 2147 652 2198 Vrina.
660 2149 731 2198 Mix.
740 2151 762 2208 8,
772 2153 794 2210 6,
802 2155 824 2202 3.

137 2236 225 2287 Nullos
243 2237 315 2299 peius
333 2236 421 2284 mereri
440 2234 471 2284 de
496 2232 610 2283 omnibus
637 2234 781 2285 mortalibus
804 2239 895 2301 iudico,

105 2337 177 2388 quam
190 2323 234 2386 qui
246 2321 318 2372 aliter
327 2322 419 2377 vivunt,
437 2335 510 2384 quam
522 2319 653 2371 vivendum
673 2335 727 2370 esse
735 2325 895 2389 praecipiunt.

566 2389 620 2439 Snn.
631 2391 710 2454 Epist.
720 2394 777 2451 108,
785 2397 825 2443 36.

140 2459 231 2509 Moniti
247 2459 350 2509 meliora
367 2473 506 2524 sequamur.
558 2459 762 2521 Vraorn.Aen.3‚
772 2466 827 2514 188.

332 2565 359 2608 8.
372 2565 414 2608 De
427 2565 553 2610 consiliis
566 2565 674 2610 dmdls.

141 2641 220 2691 Homo
237 2643 281 2705 qui
301 2643 392 2692 erranti
410 2643 511 2693 comiter
527 2647 645 2692 monstrat
663 2645 735 2708 riam,

141 2727 215 2787 Quasi
232 2727 316 2778 lumen
335 2727 366 2777 dc
384 2743 428 2778 suo
446 2728 538 2779 lumine
556 2727 681 2787 accendat,
696 2727 768 2780 iacit:

141 2813 308 2867 Nihilominus
325 2815 374 2879 ipsi
392 2813 466 2874 lucet,
484 2829 541 2866 eum
559 2813 599 2864 illi
617 2813 762 2866 accenderit.

203 2884 368 2950 Enrosspud
374 2883 426 2936 010.
434 2883 466 2935 de
476 2883 539 2935 offic.
549 2888 571 2942 1,
581 2883 861 2948 marcesserunt).

668 2973 700 3020 10
