2212 3406
320 503 352 580 Ο.
377 503 433 580 DE
459 502 629 580 NATURA
663 503 842 585 ulusuuu

455 623 712 700 eueulueuu

236 783 260 828 1.
273 781 354 826 Nihil
366 785 469 826 temere
481 785 510 827 et
527 784 587 827 sine
604 773 691 828 ceusu
705 782 803 834 genuit
819 783 930 824 nutura.

215 872 286 924 Nihil
302 887 390 938 parens
407 872 452 922 iiie
469 887 552 942 rernm
569 875 678 923 emnium
691 874 744 923 sine
761 869 904 936 ingentibus
917 885 977 921 eeu-

184 965 218 1014 sis
238 965 330 1028 genuit.
520 963 590 1014 an.
598 964 652 1014 Nat.
660 962 725 1013 Hist.
735 965 808 1020 29‚4‚
818 964 857 1017 18,
867 964 908 1010 65.

180 1097 298 1159 unum
310 1124 361 1166 per
374 1125 404 1159 ee
416 1124 557 1167 magnum.
587 1113 709 1158 Insolite
724 1123 790 1157 rere
808 1112 975 1164 gignuntur,

290 1181 377 1228 Nulla
389 1183 458 1228 sunt
469 1183 611 1234 portenta.
629 1182 745 1234 Singisse
757 1181 868 1226 curiose

478 1251 681 1303 investiganda.

216 1341 340 1408 Quicquid
356 1344 422 1393 inter
438 1343 520 1393 vicina
536 1342 634 1398 eminet,
652 1354 769 1404 magnum
793 1343 830 1389 est
848 1337 910 1396 illie,
935 1335 980 1388 ubi

182 1435 285 1484 eminet:
304 1447 360 1482 nam
378 1431 521 1496 magnitudo
539 1429 614 1482 habet
633 1430 732 1480 modum
749 1431 884 1488 incertum,
914 1441 981 1478 eem-

181 1523 275 1589 peretie
293 1522 364 1598 illum
375 1527 418 1573 eut
433 1521 499 1572 tellit
517 1525 560 1574 eut
577 1520 701 1586 deprimit.
737 1519 792 1570 Suu.
799 1519 880 1584 Epist.
888 1521 929 1576 43,
938 1520 961 1568 2.

216 1614 311 1677 Magna
330 1617 355 1663 et
372 1611 519 1664 excedentia
536 1611 636 1662 solitum
650 1610 813 1674 eevulgarem
822 1609 923 1660 modum
934 1623 982 1659 nen

183 1702 267 1755 crebre
286 1703 428 1766 gignuntur.
667 1700 908 1758 Suu.deeonst.7‚1.

217 1791 341 1858 Qmequid
359 1795 443 1852 oritur,
462 1792 642 1857 qualecumque
663 1795 708 1848 eet,
728 1805 828 1841 eausam
849 1789 940 1840 hebeat
967 1805 982 1839 a

181 1887 270 1934 nature
285 1897 388 1934 neeesse
406 1887 451 1942 est,
468 1887 504 1941 ut,
522 1884 597 1933 etiem
616 1883 638 1932 si
655 1886 753 1946 praeter
776 1881 980 1932 consuetudinem

182 1976 301 2035 extiterit,
326 1979 424 2041 praeter
447 1979 558 2025 neumam
583 1979 664 2024 temen
688 1989 736 2024 nen
761 1975 840 2038 pessit
864 1974 980 2024 existere.

183 2062 289 2117 Genuam
302 2067 381 2130 igitur
398 2066 546 2128 investigate
564 2062 592 2114 in
614 2077 641 2114 re
658 2067 811 2128 moveatque
829 2062 979 2122 admirabili,

181 2157 204 2207 si
221 2157 321 2222 peteris.
356 2154 383 2206 Si
401 2155 495 2206 nullam
512 2156 628 2220 reperim,
649 2153 714 2205 iilud
730 2158 813 2204 tamen
825 2153 982 2218 exploratum

183 2245 281 2305 hebete,
289 2245 353 2296 nihil
364 2245 418 2297 fieri
428 2247 539 2310 potuisse
550 2247 604 2296 sine
613 2260 694 2296 eausa.
705 2243 980 2302 medenentense

217 2335 289 2388 Nihil
304 2336 332 2387 fit
350 2335 381 2387 eb
396 2350 471 2386 unam
490 2350 596 2394 censum,
620 2335 665 2387 sed
682 2334 709 2386 id
726 2348 770 2400 pre
794 2349 869 2385 eausa
894 2348 982 2400 uppre-

184 2426 310 2485 nendum,
329 2425 396 2492 qued
413 2425 546 2478 contulisse
562 2427 696 2492 plurimum
712 2425 816 2476 videtur.

402 2515 798 2582 Onus.demedie.pmeiet.1.p.9
812 2515 910 2580 edBip.

218 2607 289 2658 Nihil
305 2606 359 2659 fieri
380 2608 434 2658 sine
455 2621 530 2658 cause
543 2611 631 2673 potest,
650 2622 696 2658 nee
715 2607 849 2671 quiequam
868 2605 895 2656 fit
914 2605 982 2671 qued

184 2697 238 2749 fieri
255 2713 303 2749 nen
320 2701 409 2764 petest.
445 2698 497 2749 Nee
512 2700 534 2749 si
552 2697 581 2748 id
600 2695 694 2751 suetum
711 2700 757 2755 est,
778 2695 845 2760 qued
861 2695 916 2747 fieri
938 2712 983 2762 pe-

184 2789 241 2848 tuit,
257 2791 397 2855 portentum
418 2787 491 2840 debet
511 2787 597 2840 videri.
623 2787 698 2838 Nulla
711 2787 789 2850 igitur
798 2790 985 2851 pertentesuut.

602 2876 653 2931 Cic.
662 2877 694 2929 de
704 2876 780 2928 divin.
789 2878 812 2934 2,
821 2878 910 2936 nuel.
