2212 3406
199 367 314 424 excussa,
333 359 425 406 utnon
442 357 541 406 mireris
558 355 636 406 falsos
656 355 687 408 de
705 355 750 407 iilo
767 355 852 408 libello
869 355 996 421 invulgus
1088 343 1089 348 ยน

198 446 338 496 manavisse
356 459 471 496 rumores.
508 445 572 505 Quos
590 445 698 497 refutare
719 461 842 497 nunonou
861 451 900 498 est
914 447 998 505 iocus,

198 536 267 586 iuvat
284 537 366 600 potius
385 537 411 585 in
429 538 570 586 memoriam
589 537 635 587 tibi
653 537 780 601 redigere,
804 539 885 588 animo
904 543 928 588 et
947 539 997 589 vir-

200 630 253 676 tute
270 625 508 691 praecellentissimo
527 629 578 678 viro
595 627 738 678 Bernhardo
757 628 787 678 11
798 627 927 680 Lindeuau
939 643 997 678 sua-

201 731 256 767 sore
272 719 436 767 consociatam
454 716 523 768 illam
545 732 600 767 cum
615 718 679 768 duce
700 717 825 768 scribendi
841 732 939 783 operam
953 718 999 770 abs
1089 777 1090 798 ฮง

201 811 225 858 te
243 811 383 872 susceptam
401 812 425 858 et
440 807 475 866 11,
494 809 560 872 quod
576 811 602 857 in
616 810 741 873 proposito
761 814 820 868 erat,
837 811 998 873 impetratum
1089 801 1090 812 ยน

201 913 265 958 esse,
284 903 312 947 ut
328 897 400 948 ducis
417 897 513 948 scilicet
531 900 637 957 animus,
655 901 707 963 qui,
724 899 790 963 quod
809 899 930 963 quaedam
949 901 1000 950 mi-
1089 917 1090 942 1

200 1002 247 1038 uus
264 988 373 1038 iucunda
390 993 441 1038 tum
460 990 484 1038 ei
494 989 642 1048 acciderant
660 992 686 1040 io
704 992 870 1041 morositatem
886 989 1000 1040 incidere
1089 1021 1090 1048 1

200 1078 338 1136 rideretur,
355 1078 509 1143 aliquamdiu
527 1080 716 1131 exhilararetur.
753 1080 780 1132 Si
807 1080 868 1144 quid
891 1082 948 1130 nori
971 1082 999 1129 iu

201 1167 305 1226 litteris,
332 1171 407 1220 etiam
429 1169 460 1219 ad
482 1171 654 1234 antiquitatem
672 1171 866 1236 pertinentibus,
894 1170 998 1220 allatum

201 1265 264 1318 erat,
282 1259 309 1309 id
327 1259 418 1324 cupide
436 1265 478 1310 aut
494 1260 592 1324 legebat
615 1263 671 1326 ipse
689 1266 732 1312 aut
748 1262 779 1312 de
797 1278 827 1312 ea
844 1276 870 1312 re
890 1260 920 1312 ab
939 1261 999 1311 aliis

201 1349 249 1400 sibi
264 1349 351 1400 referri
370 1350 453 1401 voluit.
486 1350 550 1410 Quid
563 1351 674 1417 impedit,
692 1355 822 1417 quominus
833 1367 898 1402 nunc
910 1351 999 1402 saitem

200 1439 283 1505 palam
299 1439 389 1490 faciam
410 1441 482 1492 iilum
501 1441 628 1501 libellum,
647 1458 695 1507 quo
713 1445 824 1502 Mennis,
843 1442 924 1493 clarus
945 1448 999 1492 tum

201 1530 267 1595 apud
286 1530 368 1582 Gallos
385 1532 535 1583 architectus
555 1532 671 1598 idemque
689 1535 768 1585 omnis
779 1535 934 1597 antiquitatis
952 1549 999 1598 pe-

200 1623 336 1672 ritissimus
360 1622 447 1682 homo,
472 1623 553 1674 fictam
579 1639 594 1674 a
622 1640 649 1674 se
669 1625 781 1683 aedium,
806 1638 867 1688 quas
890 1623 999 1674 Scaurus

201 1712 294 1763 Romae
306 1717 431 1763 extructas
441 1713 563 1772 habuerit,
583 1714 772 1780 descriptionem
789 1714 912 1772 exhibuit,
930 1713 997 1778 quod

201 1801 254 1853 dux
280 1801 308 1853 id
318 1807 416 1867 gratum
435 1802 483 1854 sibi
501 1802 554 1854 iore
576 1803 768 1868 significaverat,
793 1803 895 1854 anobis
911 1803 998 1854 frutri-

199 1892 247 1944 bus
265 1895 388 1944 communi
405 1908 479 1958 opera
500 1896 526 1943 iu
550 1896 658 1958 patrium
674 1910 809 1946 sermonem
826 1909 880 1946 esse
899 1909 997 1946 versum

201 1989 226 2035 et
245 1983 426 2034 accessionibus
442 1983 589 2048 quibusdam
608 1989 706 2036 auctum
725 2000 778 2036 esse
799 1983 866 2036 foras
890 1982 997 2036 damin?

200 2074 327 2125 Modestia
348 2072 462 2138 prohibet
485 2073 557 2138 plura
579 2072 701 2138 proferre,
727 2090 791 2139 quae
811 2091 855 2125 uos
877 2077 993 2140 privatim

200 2170 316 2228 tangunt:
332 2179 395 2228 quaa
413 2170 480 2214 tanto
501 2167 580 2228 magis
598 2170 656 2215 sunt
673 2164 772 2215 silentio
789 2166 929 2230 promenda,
943 2181 992 2230 quo

199 2253 272 2320 plura
292 2255 324 2305 ad
345 2254 440 2305 litteras
460 2253 560 2318 publice
579 2254 683 2306 tuendas
695 2261 720 2306 et
732 2255 852 2306 amandas
868 2256 996 2321 praeclara

198 2345 315 2394 institnit.
348 2343 417 2404 Quod
434 2351 604 2408 argumentum
624 2347 646 2396 si
663 2347 700 2396 ita
717 2349 832 2411 persequi
854 2345 947 2406 liceret,
966 2351 996 2397 ut

199 2440 224 2486 et
241 2449 338 2500 possem
356 2439 381 2485 et
397 2450 512 2500 cuperem
538 2435 576 2487 vel
595 2438 718 2496 maxime,
742 2435 878 2487 latissimus
894 2439 920 2487 iu
945 2452 995 2503 quo

199 2525 325 2577 exsultare
343 2531 427 2590 posset
447 2528 523 2577 oratio
541 2527 603 2577 mihi
623 2532 722 2592 apertus
741 2533 806 2579 esset
817 2543 925 2593 campus.
945 2527 994 2580 Sed

198 2612 261 2663 haec
280 2625 377 2676 quoque
394 2627 460 2663 nuno
476 2615 560 2672 mitto,
590 2627 737 2678 quamquam
753 2629 836 2665 eorum
852 2617 993 2665 memoriam

197 2711 324 2762 uunquam
343 2697 458 2748 desistam
469 2701 512 2762 pia
531 2705 612 2751 ruente
628 2699 781 2759 1111111111,
799 2701 994 2765 quotiescunque

198 2786 294 2836 occasio
312 2783 403 2842 tulerit,
420 2799 461 2835 ore
480 2800 508 2835 ac
524 2787 622 2852 scriptis
639 2785 721 2851 palam
731 2785 847 2851 profiteri.

232 2869 345 2934 Augusto
374 2872 493 2922 successit
516 2871 655 2923 Fridericus
678 2871 766 2933 frater,
797 2875 868 2924 cuius
891 2873 995 2924 virtutes
