2208 3402
508 297 540 344 63

164 413 278 464 Profecto
296 423 324 463 ut
343 417 449 480 quisque
469 418 570 466 minimo
588 387 718 467 eontentus
735 416 791 476 fuit,

163 503 203 554 Ite
227 503 377 555 fortunatam
401 507 477 557 vitam
501 507 575 557 duxit
598 509 714 558 maxime.

199 594 272 645 Snxr.
279 596 380 646 Turum.
388 611 427 660 ap.
434 597 513 646 Prisc.
522 597 553 646 de
559 601 660 662 metrp.
670 601 735 648 1326
743 599 771 648 P.
780 615 803 663 p.
812 602 845 650 88
852 600 925 652 Bibb.

165 684 231 737 Suae
256 701 377 750 quemque
401 685 515 737 fortunae
539 689 648 738 maxime
671 691 789 754 poenitet.

595 777 647 829 Cro.
656 779 686 829 ad
698 779 756 830 iem.
766 783 788 838 6,
799 784 819 838 1,
830 784 851 830 1.

199 883 246 943 Qui
263 884 298 944 fit,
318 923 323 934 .
347 923 352 934 .
374 924 379 935 .
401 889 429 934 ut
447 900 526 944 nemo,
543 900 618 950 quam
633 885 682 936 sibi
700 895 788 938 sortem

199 973 249 1025 Seu
266 977 330 1026 ratio
349 975 445 1026 dederit
462 991 507 1026 seu
522 975 574 1026 fors
592 976 720 1037 obiecerit,
739 978 783 1028 ille

199 1065 336 1117 Contentus
356 1069 430 1124 vivet,
449 1066 535 1117 laudet
554 1066 653 1118 diverse
670 1070 818 1133 sequentis?

615 1159 677 1209 Hon.
688 1159 739 1210 Sat.
749 1164 790 1218 1,1
800 1176 853 1224 sqq.

163 1262 211 1315 Oui
229 1264 313 1329 planet
334 1264 447 1323 alterius,
468 1279 514 1315 sue
538 1266 656 1316 nimirum
682 1272 719 1317 est
743 1267 799 1316 odio
826 1280 887 1317 sors.

574 1356 636 1406 Hon.
644 1356 724 1420 Epist.
734 1360 755 1414 1,
765 1360 804 1415 14,
814 1361 852 1406 11.

152 1517 178 1560 8.
192 1516 297 1561 Modus
312 1517 344 1561 in
365 1517 496 1561 omnibus
517 1519 683 1561 servandus.
713 1518 895 1564 Mediocritss

471 1589 583 1641 optima.

162 1679 209 1730 Est
228 1681 317 1730 modus
334 1682 362 1730 in
376 1679 459 1737 rebus,
479 1685 538 1730 sunt
557 1681 619 1730 certi
638 1679 745 1744 denique
765 1680 834 1739 fines,

162 1769 227 1831 Quos
248 1771 316 1822 ultre
333 1772 447 1835 citraque
464 1771 551 1834 nequit
567 1775 703 1820 consistere
721 1777 823 1821 rectum.

605 1861 668 1910 Hon.
676 1859 726 1910 sat.
734 1864 786 1919 1‚1‚
796 1864 852 1910 106.

161 1967 287 2021 Vitiosum
303 1973 341 2019 est
358 1966 451 2032 ubique
469 1967 535 2033 quod
553 1969 655 2018 nimium
678 1973 723 2018 est.

562 2057 617 2108 Sur.
626 2058 657 2108 de
664 2064 743 2122 tranq.
751 2073 789 2107 au.
799 2059 822 2115 9,
830 2060 853 2106 6.

161 2167 253 2217 Modus
275 2165 387 2216 omnibus
403 2167 430 2215 in
450 2165 548 2216 rebuS.
572 2204 577 2215 .
598 2205 603 2215 .
623 2168 742 2230 optimum
768 2163 855 2214 habitu
874 2169 924 2225 est;

161 2259 244 2308 Nimia
250 2259 331 2308 omnin
337 2257 441 2307 nimium
447 2254 696 2320 exhibentnegotium
703 2255 843 2304 homiuibus
850 2269 883 2304 ex
889 2268 923 2305 se.

563 2347 655 2396 Prior.
662 2347 737 2396 Poen.
748 2349 769 2403 1,
778 2349 801 2404 2,
812 2347 851 2395 29.

162 2455 249 2506 Medio
268 2457 407 2506 tutissimus
425 2455 482 2506 ibis.
610 2453 849 2512 Ov1n.Met.2,137.

161 2546 190 2598 In
207 2546 335 2612 plerisque
354 2545 428 2598 robus
442 2546 600 2597 mediocritas
618 2546 710 2610 optimo
725 2549 771 2594 est.

570 2635 623 2687 Cro.
630 2635 661 2684 de
668 2633 707 2684 off.
717 2637 786 2692 1,36,
796 2635 851 2683 130.

161 2727 240 2780 Crede
259 2727 328 2786 mihi,
344 2727 407 2778 bene
427 2727 470 2790 qui
488 2726 569 2785 latuit,
590 2725 653 2776 bene
673 2727 743 2784 vixit,
762 2730 787 2774 et
804 2725 871 2772 intre

195 2821 328 2870 Fortunam
346 2816 420 2868 debet
439 2819 545 2882 quisque
571 2829 671 2866 manere
695 2830 771 2865 suem.

584 2905 653 2957 Ouo.
665 2906 739 2956 Trist.
748 2909 771 2963 3,
779 2908 801 2962 4,
810 2907 850 2956 25.
