2212 3406
180 699 259 764 Redit
278 714 308 763 ad
326 719 358 772 te.
378 717 507 766 carissime
524 716 607 776 frater,
627 716 735 776 libellus.
754 730 826 780 quem
844 721 938 766 utcon-

143 797 241 848 ficerem
259 805 286 850 tu
303 801 365 851 mihi
385 817 471 852 suasor
488 807 620 867 auctorque
643 805 757 854 extitisti.
800 803 940 852 Meministi
983 811 984 814 ’

70 917 72 920 -
145 890 218 948 enim,
236 904 292 940 cum
310 907 354 956 per
370 892 432 943 duos
451 893 508 944 illos
527 908 612 952 annos,
635 895 678 958 qui
701 893 855 944 turbulentas
873 892 939 942 sedi-

65 1046 72 1058 ·
145 980 237 1030 tionum
255 987 280 1030 et
308 981 486 1034 discordiarum
512 985 539 1033 in
563 983 694 1034 Germania
718 987 875 1048 tempestates
900 997 940 1032 sc-

144 1071 196 1118 euti
217 1080 287 1130 sunt,
312 1079 339 1123 ut
362 1073 494 1138 aliquando
517 1079 573 1139 post
599 1090 725 1140 operosam
749 1075 824 1125 vitam
848 1074 940 1138 quietis

143 1159 240 1224 aliquid
265 1162 311 1212 tibi
330 1164 489 1223 concedere,
516 1167 542 1214 iu
565 1167 646 1230 patria
668 1165 728 1216 urbe
755 1163 890 1216 versabaris
909 1168 941 1222 et,

144 1264 192 1314 quo
211 1251 275 1301 nihil
294 1255 373 1318 potuit
393 1253 455 1303 mihi
473 1254 563 1304 laetius
585 1254 705 1314 accidere,
728 1254 827 1304 eosdem
846 1268 943 1304 mecum

141 1339 207 1392 lares
227 1341 334 1400 colebas,
352 1358 410 1394 oum,
426 1344 489 1394 alios
507 1361 551 1396 uos
571 1343 689 1394 habuisse
707 1343 738 1393 de
755 1343 828 1394 rebus
846 1343 879 1394 ad
891 1359 942 1394 om-

143 1447 200 1482 nem
224 1432 360 1484 dootriuam
383 1433 562 1498 pertinentibus
596 1448 719 1484 sermones
750 1433 812 1482 mibi
843 1433 943 1498 quidem

143 1523 316 1587 periucuudoS,
334 1529 386 1574 tum
403 1523 526 1588 frequenti
545 1526 772 1582 commemoratione
794 1523 882 1574 abste
902 1540 943 1574 ce·

144 1611 263 1662 lebratam
285 1629 341 1664 esse
370 1629 424 1664 eam
453 1623 561 1664 veterum
590 1615 735 1678 scriptorum
760 1616 943 1679 praestantiam,

143 1717 207 1767 quae
226 1705 252 1752 in
274 1703 359 1753 crebra
379 1709 445 1754 esset
462 1705 664 1768 gravissimarum
682 1706 858 1756 sententiarum
871 1719 944 1756 usur-

143 1795 242 1857 patione
259 1795 346 1859 posita.
401 1795 456 1845 lure
480 1811 509 1845 ac
527 1797 614 1846 merito
634 1803 668 1854 tu,
694 1797 737 1859 qui
757 1803 866 1846 veterum
883 1798 943 1845 sim·

142 1883 280 1948 plicitatem
297 1891 370 1948 atque
394 1887 538 1948 gravitatem
563 1899 619 1934 cum
640 1887 802 1935 recentiorum
821 1885 944 1948 elegantia

143 1978 217 2036 atque
243 1973 379 2024 subtilitate
403 1976 550 2038 coniungere
577 1977 715 2033 consuesti,
739 1975 802 2026 hanc
832 1977 868 2024 ita
887 1991 944 2042 pro·

142 2065 222 2128 priam
247 2069 356 2115 veterum
379 2066 525 2130 scriptorum
549 2064 677 2115 indicabas
701 2067 828 2124 virtutem,
849 2073 876 2116 ut
902 2068 943 2126 iis,

142 2155 187 2216 qui
206 2161 290 2204 nostra
307 2159 387 2204 aetate
405 2155 437 2204 ad
461 2155 570 2219 aliquam
594 2154 719 2206 scribendi
742 2155 841 2206 laudem
859 2157 944 2222 adspi-

142 2257 198 2293 rare
217 2244 311 2303 veliut‚'
336 2245 401 2308 quod
422 2247 472 2296 iam
495 2247 565 2310 prius
590 2245 657 2296 diota
680 2253 705 2296 et
728 2248 828 2312 egregio
845 2247 945 2312 quidem

142 2333 211 2384 dicta
233 2335 283 2384 nisi
309 2349 365 2384 oum
390 2335 508 2386 lectorum
532 2337 614 2386 taedio
635 2345 745 2402 repetere
774 2353 822 2388 non
851 2337 945 2408 liceret⁸

142 2423 218 2489 plane
236 2429 303 2474 esset
321 2425 462 2476 interclusa.
499 2427 591 2476 Miram
608 2431 689 2476 autem
702 2428 728 2476 in
747 2428 869 2479 eiusmodi
889 2444 945 2478 sen-

142 2515 229 2564 tentiis
248 2516 331 2565 iuesse
352 2516 400 2566 rim
426 2515 534 2575 dicebas
560 2518 651 2582 quippe
677 2531 779 2582 quarum
803 2524 828 2568 et
847 2519 946 2568 concisa

141 2602 251 2655 brevitas
277 2604 327 2656 alte
356 2608 383 2655 in
406 2611 492 2672 pectus
518 2606 680 2657 descenderet
705 2614 729 2656 et
754 2613 838 2672 aperta
856 2609 945 2658 veritas

141 2694 176 2744 ad
200 2699 299 2744 strenue
325 2694 447 2758 agendum
472 2697 598 2746 excitaret.
640 2696 679 2746 Ac
696 2696 826 2747 iuvenibus
850 2699 946 2762 praeci·

140 2799 192 2849 pue
210 2797 283 2848 quam
303 2787 410 2849 primum
432 2785 486 2835 fieri
510 2793 594 2852 posset
617 2786 683 2837 huno
700 2787 854 2851 antiquitatis
878 2786 947 2838 velut

141 2873 287 2924 thesaurum
307 2874 426 2926 censebas
445 2875 622 2926 recludendum
645 2892 708 2935 esse,
732 2878 880 2941 inquorum
892 2879 945 2928 aui-
