2208 3402
543 264 592 311 118

204 379 368 446 Praecipuum
387 397 476 434 munus
494 383 621 434 madum
639 398 707 442 reor,
725 398 757 433 ue
778 384 884 435 virtutes
907 383 977 434 sile-

171 475 245 521 antur
260 475 337 536 utque
354 475 437 538 pravis
454 473 529 524 dietis
546 472 669 538 fastisque
683 490 716 525 ex
733 475 877 540 posteritate
888 477 915 522 et
926 474 976 522 in-

169 559 246 611 famia
263 567 344 614 metus
363 565 403 614 sit.
548 601 550 606 -
653 563 892 622 Tncrr.Ann.8‚65.

204 651 315 703 Historia
332 668 381 704 uon
399 653 570 712 adsentationi,
593 653 636 704 sed
653 654 712 705 fidei
733 656 880 718 veritatique
898 669 973 705 eom-

102 780 107 790 .
168 740 277 808 ponitur.
699 744 892 803 rainerus.

204 834 256 884 Neo
283 832 357 885 debet
380 833 485 885 historia
509 835 594 898 egredi
611 837 740 887 veritatem
763 841 788 886 et
806 835 909 886 honeste
926 835 970 886 fa-

168 925 215 976 etis
232 926 322 987 veritas
341 923 441 976 suffieit.
605 926 674 976 Pers.
682 926 762 992 Epist.
772 931 794 985 7,
803 930 892 984 33‚10.

204 1015 237 1065 Ut
256 1018 355 1066 nomina
372 1018 475 1066 mentita
493 1018 549 1075 sint,
568 1022 596 1066 ut
621 1017 717 1082 aliquid
740 1016 840 1068 fabulae
863 1016 969 1080 fingant,

169 1141 175 1156 .
196 1142 202 1155 .
222 1143 228 1155 .
248 1144 254 1155 .
273 1105 366 1158 laetum
384 1121 439 1158 esse
459 1106 555 1172 aliquid
573 1122 675 1158 neeesse
694 1113 744 1166 est,
768 1113 796 1157 ut
813 1107 860 1158 hoe
883 1107 967 1157 eredi-

167 1193 219 1245 bile
235 1195 367 1248 videretur.
438 1196 894 1263 anr.Deolau1.3llp.2lled.Bip.

203 1285 263 1346 Quis
282 1288 361 1338 nescit
379 1289 484 1352 primam
504 1303 559 1339 esse
583 1288 701 1338 historiae
725 1288 819 1352 legem,
849 1303 880 1338 ne
902 1287 964 1352 quid

168 1375 228 1428 falsi
245 1376 329 1428 dicere
346 1377 456 1428 auden?
476 1379 566 1429 deinde
586 1395 616 1428 ne
635 1378 696 1442 quid
715 1380 766 1429 veri
784 1393 833 1428 uon
853 1375 963 1428 audeat?

167 1481 199 1518 ne
217 1481 266 1531 que
284 1470 390 1534 suspitio
408 1470 503 1532 gratiae
521 1470 553 1518 sit
572 1468 749 1527 inscribendo,
768 1485 797 1520 ne
811 1483 860 1534 qus
877 1467 964 1518 simul·

167 1556 246 1608 tatis?
606 1559 658 1611 Gne.
667 1560 764 1610 deerat.
772 1562 795 1615 2.
805 1562 844 1609 15.
853 1561 893 1609 62.

201 1648 271 1698 Nihil
291 1651 373 1700 estin
392 1649 496 1700 historia
513 1664 576 1715 pura
594 1656 618 1700 et
642 1650 743 1702 inlustri
761 1648 880 1701 brevitate
906 1648 964 1698 dul-

167 1739 229 1789 cius.
552 1739 892 1798 Ore.deelar.orat.75‚262.

201 1828 272 1886 llius,
289 1830 333 1893 qui
347 1830 411 1880 vites
430 1829 535 1880 aliorum
553 1829 660 1881 seribere
680 1831 781 1886 orditur.
798 1828 907 1882 oflieium
924 1838 963 1881 est

168 1917 244 1983 digrra
262 1921 400 1988 cognitione
416 1920 577 1984 perscribere,
612 1919 840 1971 Gnr1ronMaerin.
850 1924 961 1986 lup.746.

363 2025 397 2060 Da
410 2025 548 2066 eloquentia.
574 2027 609 2060 De
622 2026 761 2062 cratonum.

199 2094 232 2145 Ut
250 2095 357 2145 hominis
378 2095 454 2145 decus
472 2100 510 2145 est
532 2097 673 2157 ingenium,
692 2098 730 2147 sie
756 2098 850 2159 ingenii
876 2097 961 2149 lumen

165 2187 203 2234 est
221 2181 369 2247 eloquentia.
567 2181 620 2234 Orc.
629 2183 791 2234 declareret.
801 2187 840 2242 15,
848 2186 889 2234 59.

198 2273 293 2336 Magna
311 2276 336 2322 et
352 2271 419 2322 varia
435 2284 476 2320 res
495 2277 533 2321 est
557 2272 711 2336 eloquentia,
739 2289 785 2323 nee
810 2274 892 2326 adhue
913 2275 961 2326 ulli

163 2363 200 2412 sie
217 2360 330 2420 indulsit,
347 2365 375 2411 ut
394 2365 445 2411 tote
463 2363 628 2426 contingerett
647 2365 707 2413 satis
731 2362 795 2414 felix
812 2371 857 2422 est,
875 2367 919 2430 qui
935 2367 960 2417 iu

164 2452 273 2517 aliquam
291 2453 345 2502 eius
363 2457 458 2516 partem
480 2457 518 2503 est
532 2460 653 2518 receptus

481 2522 535 2574 Suu.
542 2523 605 2572 Exn.
612 2522 694 2573 Contu.
700 2539 723 2588 p.
733 2525 783 2573 398
791 2524 830 2574 ed.
837 2523 892 2589 Bip.

198 2610 289 2662 Faeilis
308 2609 338 2661 ab
357 2612 497 2676 eloquentia
514 2615 541 2663 in
559 2627 723 2664 omnesones
741 2614 861 2664 decursus
881 2619 925 2666 est.

517 2682 571 2734 Suu.
583 2682 695 2735 Controv.
702 2700 726 2748 p.
736 2687 784 2734 133
792 2683 830 2734 ed.
837 2685 891 2750 Bip.

197 2768 264 2819 Usus
283 2768 383 2819 dioendi
399 2769 425 2818 in
444 2771 509 2819 omui
527 2775 615 2834 pacata
633 2775 658 2820 et
675 2769 753 2821 libera
765 2771 864 2822 civitate
882 2770 960 2820 dorni-

162 2859 241 2905 natur.
617 2855 888 2916 medenatense.
