2174 3400
500 265 547 312 211

141 386 179 437 De
197 387 329 451 discipulis
346 389 371 436 et
395 385 559 436 anditcnbua
583 387 774 450 Praeceptomm
799 385 849 438 fre·
870 333 918 381 P*

141 471 219 520 quens
237 459 341 508 mutatio
360 463 437 506 nocet.
456 484 489 492 -—
508 461 530 506 5.
542 457 578 508 De
594 457 718 507 memoria.
732 485 765 492 —
779 460 801 506 6.
812 459 849 509 De

140 529 286 592 praeceptio.
309 527 346 576 De
365 527 503 589 partitione.
525 527 562 577 De
582 527 710 590 exemplis¹
723 555 757 564 -
777 532 799 576 7.
814 528 850 578 De

140 599 324 648 exercitatione.
345 624 378 632 -
400 598 422 646 8.
435 596 472 645 De
494 597 605 647 lectione.
626 597 662 646 De
682 596 759 648 libris.

500 725 544 776 VI.

121 815 159 867 De
177 817 278 867 artibus.
313 817 351 866 De
369 816 507 867 litterarum
534 818 631 868 studiis.
668 819 704 869 De
724 819 849 869 doctrinae

175 907 314 972 disciplinis
363 947 847 960 ............
869 911 918 960 108

158 1002 179 1047 1.
192 999 229 1048 De
248 998 349 1048 artibus,
365 1026 393 1035 -
411 997 475 1058 Quid
497 1001 530 1048 sit
543 1014 590 1049 ars,
616 999 653 1048 De
665 1002 847 1050 artcunivcrsa.

137 1067 175 1116 De
192 1068 305 1132 opificiis.
331 1068 368 1117 De
393 1067 496 1120 artibus.
514 1084 578 1132 qnae
601 1071 698 1134 proprie
723 1069 845 1120 dicuntur.

137 1137 174 1187 De
193 1143 245 1187 arte
262 1137 387 1202 pingendi.
415 1137 452 1186 De
470 1143 522 1187 arte
542 1139 657 1202 fingendi.
684 1139 720 1188 De
745 1141 847 1189 musica.

137 1207 174 1256 De
191 1213 243 1257 arte
268 1207 419 1257 histrionica.
433 1235 466 1244 -
495 1208 566 1258 2.De
588 1208 724 1258 litterarum
747 1209 846 1260 studiis.

136 1303 171 1313 —
190 1277 338 1327 Litterarum
357 1277 468 1326 studium
482 1277 513 1326 ad
540 1279 716 1328 humanitatem
742 1278 843 1329 confert.

136 1346 284 1396 Litterarum
319 1346 402 1396 studia
432 1347 543 1396 homiues
574 1350 685 1411 iungunt.
716 1349 847 1398 Doctrinae

135 1418 181 1467 ris.
221 1417 352 1466 Doctrinae
388 1416 471 1480 honor
493 1416 628 1467 habendus.
674 1417 714 1467 Ad
738 1417 846 1468 indolem

135 1485 246 1536 doctrina
267 1485 384 1535 accedere
410 1485 490 1536 debet.
523 1483 614 1537 Omnes
639 1493 703 1537 artes
729 1489 793 1537 inter
818 1503 845 1538 se

71 1569 74 1575 ·
135 1557 285 1606 coniunctae.
309 1554 451 1605 Studiorum
468 1571 531 1620 quae
556 1559 618 1607 ratio
635 1557 787 1607 instituenda
805 1559 844 1608 sit.

134 1625 250 1676 Doctrina
275 1625 406 1689 diligentia
429 1633 535 1690 paratur.
559 1626 700 1678 Studiorum
727 1629 839 1678 varietas,

134 1695 189 1745 Non
211 1697 292 1744 omnia
318 1695 390 1744 simul
414 1696 547 1746 tractanda.
582 1697 635 1746 Non
661 1711 723 1747 nova
747 1710 844 1762 semper

133 1763 238 1829 proferri
257 1771 366 1829 possunt.
392 1763 532 1814 Studiorum
542 1764 638 1816 fructus
649 1765 759 1816 iucundi.
780 1767 842 1816 Fon-

133 1838 170 1884 tes
191 1835 240 1898 ipsi
259 1833 374 1884 adeundi.
401 1833 530 1884 Doctorum
545 1835 671 1885 hominum
683 1838 841 1887 existimatio.

133 1903 281 1953 Litterarum
302 1905 414 1952 sacraria.
440 1903 510 1953 Docti
531 1919 577 1953 non
596 1905 673 1954 iidem
685 1904 748 1955 boni.
771 1906 843 1956 Docti

133 1972 245 2023 hominen
264 1975 352 2022 aetatis
372 1974 478 2036 uigorem
499 1979 603 2024 servant.
630 1973 690 2025 Vita
706 1977 732 2024 in
750 1975 841 2025 litteris

133 2041 281 2092 collocanda.
305 2042 363 2092 Vita
383 2044 436 2092 sine
455 2041 544 2094 litteris
566 2059 613 2094 non
633 2043 797 2094 vitalia-3.
805 2046 842 2095 De

133 2112 258 2162 doctrinae
277 2111 426 2176 disciplinis.
461 2112 498 2161 De
517 2116 593 2178 poesi.
619 2113 656 2163 De
675 2113 839 2180 philosophia.

132 2179 170 2230 De
187 2181 297 2232 historia.
325 2182 361 2230 Dc
381 2180 528 2246 eloquentia.
547 2183 584 2231 De
602 2183 733 2234 medicina.
753 2183 789 2233 Dc
802 2186 840 2234 iu-

131 2251 304 2316 risprudcntia.

481 2341 539 2392 Vri.

114 2431 152 2482 De
170 2434 305 2484 animorum
323 2431 497 2483 inmortaiitatc
534 2469 840 2486 ........
861 2437 908 2484 121

208 2515 259 2562 00.
267 2517 308 2562 De
317 2517 421 2562 remilia
432 2518 492 2562 nive
501 2520 536 2562 de
550 2520 697 2564 hominum
708 2521 818 2565 foedere

178 2585 341 2630 domentiae.
354 2587 395 2630 De
405 2586 466 2630 aliie
474 2588 557 2630 mbae
567 2587 622 2632 huc
633 2588 838 2640 pertinentibus
858 2578 906 2627 123

149 2665 170 2710 1.
181 2661 218 2710 De
232 2660 334 2712 familia.
347 2689 378 2700 ·—
393 2662 623 2714 interminorum
636 2663 714 2729 lapsu.
773 2667 840 2717 8.De

130 2731 181 2780 vite
197 2729 339 2782 domestica.
353 2761 385 2770 -
413 2738 435 2782 4.
447 2732 483 2781 De
506 2735 667 2784 matrimonio.
694 2734 731 2783 De
756 2751 837 2788 amore

129 2802 285 2865 maximeque
303 2803 434 2866 coniugali.
460 2803 495 2852 De
513 2803 641 2867 pudicitia.
653 2829 686 2840 -·-
705 2807 728 2855 5.
741 2806 778 2855 De
793 2823 837 2872 pa-

128 2870 246 2921 rentibus.
268 2872 304 2920 De
324 2874 415 2937 pietate
433 2874 458 2922 in
473 2877 593 2937 parentes,
618 2873 655 2922 De
674 2879 743 2938 patre
766 2876 839 2926 fami-

657 2960 705 3009 14·

1073 2393 1074 2422 i

1072 2423 1074 2450 t
