2208 3402
507 289 538 336 61

166 406 206 457 Tu
224 409 246 458 ei
264 407 374 456 animum
391 407 474 458 vicisti
500 409 678 472 potiusquam
704 408 801 458 animus
828 412 865 466 te.
888 413 926 458 est

705 497 772 562 quod
790 498 907 561 gaudeas.

576 588 856 646 piternnatam.

166 678 233 739 Quae
253 681 286 730 sit
303 678 405 732 libertas
423 677 541 744 quaeris?
577 677 646 728 Nulli
670 679 707 728 rei
738 680 837 736 servire,
862 679 926 730 nulli

130 771 282 828 necessitati,
300 769 377 820 nullis
400 767 508 828 casibus,
523 767 647 818 fortunam
668 770 694 818 in
717 783 822 832 aequum
846 767 925 819 dedu-

130 853 194 892 cere.
633 837 854 903 Sar.Epist.dl‚9.

166 929 243 980 Liber
269 934 314 988 est,
341 931 384 994 qni
411 932 555 980 servitutem
585 943 655 978 suam
681 926 775 991 effugit.

526 999 580 1048 Sur.
589 1000 643 1049 Nat.
651 996 695 1057 Qu.
705 996 804 1062 Spraef.
815 1001 854 1048 16,

167 1091 242 1141 Nulla
267 1090 372 1140 servitus
394 1091 488 1153 turpior
513 1094 551 1139 est
574 1103 646 1152 quam
670 1088 815 1139 voluntaria.

614 1158 757 1221 SaaEpist.
765 1161 855 1216 47,17,

167 1247 710 1314 Submarmoreatqueauroseruitushabitat.
718 1247 828 1312 SnrAEp.
836 1251 924 1306 90,10.

168 1341 260 1400 Quanto
284 1339 341 1405 plus
366 1339 453 1397 liceat,
481 1344 533 1389 tum
564 1339 639 1390 libeat
667 1340 757 1389 minus.

366 1429 484 1482 (lurcare.
492 1429 559 1494 apud
565 1429 659 1480 Ausou.
666 1446 689 1494 p.
700 1431 748 1477 148
756 1428 794 1478 ed.
801 1429 855 1493 Bip.

166 1521 306 1572 Deterioree
325 1535 411 1572 sumus
429 1521 536 1570 licentia.
575 1520 683 1570 Tnarrr.
690 1519 780 1570 Heaut.
789 1523 890 1579 3,1,74.

168 1611 305 1672 Quaedam,
323 1627 387 1676 quae
407 1611 495 1669 licant,
514 1615 622 1676 tempore
642 1615 666 1660 ct
690 1609 743 1660 loco
766 1615 860 1660 mutato
879 1625 927 1660 non

131 1702 215 1752 licent.
486 1699 856 1766 Srr.Contr.4p³281ed.Bip.

257 1823 283 1864 4.
297 1820 462 1864 Remedium
479 1820 510 1863 in
526 1823 653 1870 tempore
670 1820 802 1872 positum.

166 1899 235 1959 Quod
241 1901 303 1949 ratio
309 1899 402 1962 nequit,
412 1914 484 1962 saepe
492 1899 587 1948 sanavit
594 1912 666 1947 mora.
677 1895 732 1946 Sar.
740 1897 829 1961 Agant.
839 1902 860 1958 1,
870 1903 926 1951 130.

167 1991 250 2054 Vulgo
260 1989 335 2040 audio
345 1989 397 2038 dici
403 1988 468 2039 diem
476 1989 584 2038 adimere
590 1986 770 2050 aegritudinem
778 1987 927 2041 hominibus.

536 2058 643 2106 Tuaur'r.
651 2057 742 2106 Heaut.
750 2061 774 2114 3,
784 2061 805 2115 1,
816 2061 855 2108 12.

220 2177 246 2220 5.
259 2176 299 2219 De
312 2174 396 2218 animi
412 2173 616 2225 tranquillitate
634 2175 663 2216 et
679 2173 839 2217 securitate.

399 2243 440 2285 De
453 2251 543 2293 aequo
560 2241 663 2284 animo.

168 2323 216 2373 Illa
240 2319 406 2384 tranquillitas
431 2332 487 2368 vera
504 2323 549 2375 est,
572 2319 598 2366 in
616 2332 691 2382 quam
715 2316 780 2368 bona
800 2333 870 2370 mens
883 2335 928 2372 ex-

132 2413 248 2480 plicatur.
631 2406 686 2458 Ser.
694 2408 775 2472 Epist.
785 2411 825 2468 56,
834 2412 857 2460 6.

168 2503 197 2554 In
215 2503 291 2554 animi
310 2495 444 2553 securitate
463 2501 539 2552 vitam
553 2497 650 2550 beatam
666 2498 788 2562 ponimus.

508 2565 561 2619 Grc.
569 2568 655 2618 donat.
664 2567 729 2618 deor.
740 2572 761 2626 1,
770 2571 810 2625 20,
819 2571 860 2618 53.

168 2661 275 2712 Animus
290 2673 384 2724 aequus
402 2660 522 2723 optimum
537 2662 575 2710 est
591 2672 724 2708 aerumnae
737 2657 929 2708 condimentum.
1013 2643 1017 2653 ¹

580 2748 673 2798 Pnauu.
681 2747 745 2798 Rud.
755 2751 777 2804 1,
787 2749 858 2805 288.

168 2840 251 2898 Feras,
269 2855 317 2890 uon
335 2838 422 2903 culpes
440 2839 507 2903 quod
523 2839 615 2889 mutari
632 2852 680 2888 non
696 2842 785 2902 petest.

446 2909 585 2960 Perusia.
595 2908 778 2972 158p.2lled.
786 2905 858 2958 Ribb.
