2208 3402
504 269 536 317 65

159 388 253 450 Magno
269 389 351 437 animo
369 387 401 436 de
418 386 492 438 rebus
508 389 605 452 magnis
617 387 778 438 iudicandum
788 393 839 449 est,
858 388 919 439 aliu-

120 478 184 542 quiu
201 477 327 528 uidebitur
344 478 443 528 iliarum
464 479 551 529 vitium
572 493 634 536 esse,
654 479 720 542 quod
744 484 856 528 uestrum
873 482 917 530 est.

610 569 848 634 Snnupistulmt.

157 658 288 724 Proprium
312 664 350 708 est
377 658 556 722 magnitudinis
581 673 652 710 verae
670 674 719 709 non
748 661 839 709 sentire
862 673 919 724 per-

121 763 230 800 cussum.
599 748 846 808 Snn.deira3,25‚3.

347 871 389 914 10.
402 869 443 912 De
456 868 576 912 honoris
590 869 695 912 studio.

158 960 230 1010 Licet
252 961 340 1011 vitium
366 961 398 1008 sit
422 957 539 1016 ambitio,
569 958 713 1024 frequenter
737 965 818 1009 tamen
842 974 919 1010 causa

118 1053 239 1102 uirtutum
252 1058 297 1099 est.
444 1048 685 1108 Qumnmdnstumt.
695 1054 717 1108 1,
725 1053 748 1105 2,
757 1052 797 1108 22,
805 1053 845 1100 30.

448 1175 482 1210 De
494 1175 593 1216 pudore·

154 1260 209 1322 ugo
228 1260 300 1310 illum
317 1260 422 1324 periisse
441 1257 504 1316 dico,
521 1261 562 1308 cui
582 1260 683 1324 quidem
701 1262 777 1325 periit
793 1261 880 1326 pudor.

545 1349 845 1408 mantuanensem.

401 1472 439 1514 11.
453 1469 495 1514 De
511 1469 634 1512 audacie.

154 1561 201 1622 Qui
221 1563 293 1611 humo
313 1561 417 1611 timidus
435 1562 482 1611 erit
500 1561 526 1608 in
543 1558 618 1608 rebus
644 1558 739 1618 dubiis,
770 1561 843 1610 nauci
867 1575 915 1611 nen
974 1575 1012 1630 ,F

121 1655 175 1704 erit.
573 1649 665 1698 Punuu.
673 1651 748 1700 Most.
756 1654 779 1708 5,
791 1629 844 1708 iss.

154 1742 249 1794 Crescit
266 1741 371 1792 audacia
388 1739 563 1803 experimento.
612 1739 847 1804 Pu1u.Epist.9,33,
857 1745 879 1791 6.
896 1797 900 1808 ,

154 1833 223 1893 Quod
242 1835 264 1882 si
283 1832 397 1883 deficiant
416 1831 492 1887 vireS,
512 1829 617 1878 audacia
635 1835 701 1880 certe
887 1813 895 1830 ⁸

189 1924 257 1973 Laus
273 1925 332 1972 erit:
351 1925 377 1971 in
398 1921 495 1984 magnis
512 1924 536 1968 et
554 1919 662 1970 voluisse
681 1927 718 1970 sat
736 1926 781 1970 est.

531 2008 653 2058 Psonnuu.
660 2009 731 2073 Eleg.
740 2013 763 2067 2,
773 2015 812 2069 10,
820 2016 843 2064 5.

152 2105 184 2154 Ut
200 2104 282 2154 desint
296 2103 368 2158 vires,
388 2104 469 2149 tamen
487 2104 524 2148 est
544 2099 669 2148 laudanda
690 2099 808 2150 voluutas.

545 2187 616 2238 0v1u.
624 2205 656 2239 ex
662 2189 733 2238 Pont.
744 2194 767 2249 3,
775 2194 798 2249 4,
807 2195 846 2242 79.

152 2284 265 2350 Suspice,
285 2282 399 2332 etiamsi
416 2279 542 2337 decidunt,
561 2295 649 2342 magua
672 2281 789 2352 conantis.

545 2348 599 2398 Suu.
608 2349 639 2399 de
647 2351 687 2400 vit.
696 2349 760 2400 beat.
770 2353 810 2409 20,
824 2354 846 2402 2.

152 2444 289 2494 Dimidium
312 2440 373 2492 faeti
397 2441 441 2506 qui
464 2438 528 2489 bene
553 2441 633 2503 eoepit
657 2438 738 2489 habet.

547 2509 642 2558 Hunis.
649 2509 729 2572 Epist.
739 2513 761 2567 1,
769 2513 791 2569 2,
800 2514 840 2561 40.

1008 2325 1018 2359 i

1003 2381 1006 2398 1

152 2601 236 2653 Multa
245 2617 294 2652 nou
308 2603 367 2666 quia
384 2599 499 2650 difficilia
510 2595 574 2656 sunt,
593 2613 641 2648 uon
651 2597 778 2657 audemus,
797 2601 841 2652 sed
855 2604 914 2667 quia

120 2708 166 2744 uon
184 2691 321 2750 audemuS,
340 2689 455 2740 difficilia
472 2695 536 2739 sunt.
587 2687 641 2738 Suu.
648 2687 729 2752 Epist.
739 2693 843 2748 104,26.

151 2783 181 2834 In
199 2782 273 2833 rebus
292 2783 386 2846 asperis
404 2784 429 2830 et
446 2779 560 2830 tenuibus
578 2777 714 2828 fortissime
729 2780 912 2845 quaequetsson.

122 2872 177 2924 silis
195 2874 322 2924 tutissima
341 2875 405 2922 sunt.
690 2867 842 2931 L1v.25,28.

700 2957 715 3004 5
