<?xml version="1.0" encoding="UTF-8"?>
<!DOCTYPE html PUBLIC "-//W3C//DTD XHTML 1.0 Transitional//EN"
    "http://www.w3.org/TR/xhtml1/DTD/xhtml1-transitional.dtd">
<html xmlns="http://www.w3.org/1999/xhtml" xml:lang="en" lang="en">
 <head>
  <title>
</title>
<meta http-equiv="Content-Type" content="text/html;charset=utf-8" />
  <meta name='ocr-system' content='tesseract 3.04.00' />
  <meta name='ocr-capabilities' content='ocr_page ocr_carea ocr_par ocr_line ocrx_word'/>
</head>
<body>
  <div class='ocr_page' id='page_1' title='image "./promptuariumsen00seyfgoog_0081.png"; bbox 0 0 2212 3406; ppageno 0'>
   <div class='ocr_carea' id='block_1_1' title="bbox 564 263 595 312">
    <p class='ocr_par' dir='ltr' id='par_1_1' title="bbox 564 263 595 312">
     <span class='ocr_line' id='line_1_1' title="bbox 564 263 595 312; baseline -0.065 0"><span class='ocrx_word' id='word_1_1' title='bbox 564 263 595 312; x_wconf 83' lang='lat'><strong>32</strong></span> 
     </span>
    </p>
   </div>
   <div class='ocr_carea' id='block_1_2' title="bbox 179 381 981 1082">
    <p class='ocr_par' dir='ltr' id='par_1_2' title="bbox 179 381 981 718">
     <span class='ocr_line' id='line_1_2' title="bbox 213 381 973 449; baseline 0.001 -17"><span class='ocrx_word' id='word_1_2' title='bbox 213 381 288 432; x_wconf 82' lang='lat' dir='ltr'><strong>Nulla</strong></span> <span class='ocrx_word' id='word_1_3' title='bbox 299 385 433 446; x_wconf 80' lang='lat' dir='ltr'><strong>tempestas</strong></span> <span class='ocrx_word' id='word_1_4' title='bbox 441 397 530 446; x_wconf 80' lang='lat' dir='ltr'><strong>magna</strong></span> <span class='ocrx_word' id='word_1_5' title='bbox 540 383 670 448; x_wconf 73' lang='lat' dir='ltr'><strong>perdurat:</strong></span> <span class='ocrx_word' id='word_1_6' title='bbox 680 382 804 448; x_wconf 86' lang='lat' dir='ltr'><strong>procellae</strong></span> <span class='ocrx_word' id='word_1_7' title='bbox 815 383 973 449; x_wconf 88' lang='lat' dir='ltr'><strong>quantoplus</strong></span> 
     </span>
     <span class='ocr_line' id='line_1_3' title="bbox 179 469 981 538; baseline 0.004 -16"><span class='ocrx_word' id='word_1_8' title='bbox 179 469 271 522; x_wconf 90' lang='lat' dir='ltr'><strong>habent</strong></span> <span class='ocrx_word' id='word_1_9' title='bbox 280 474 377 532; x_wconf 83' lang='lat' dir='ltr'><strong>virium,</strong></span> <span class='ocrx_word' id='word_1_10' title='bbox 397 478 464 524; x_wconf 89' lang='lat' dir='ltr'><strong>tante</strong></span> <span class='ocrx_word' id='word_1_11' title='bbox 475 475 557 524; x_wconf 89' lang='lat' dir='ltr'><strong>minus</strong></span> <span class='ocrx_word' id='word_1_12' title='bbox 566 475 691 538; x_wconf 87' lang='lat' dir='ltr'><strong>temperis.</strong></span> <span class='ocrx_word' id='word_1_13' title='bbox 712 472 880 533; x_wconf 80' lang='lat' dir='ltr'><strong>San.Nat.Qu.</strong></span> <span class='ocrx_word' id='word_1_14' title='bbox 889 478 912 532; x_wconf 83' lang='grc'><strong>7,</strong></span> <span class='ocrx_word' id='word_1_15' title='bbox 923 476 981 534; x_wconf 81' lang='lat'>9‚8.</span> 
     </span>
     <span class='ocr_line' id='line_1_4' title="bbox 480 563 683 616; baseline 0.005 -2"><span class='ocrx_word' id='word_1_16' title='bbox 480 564 590 615; x_wconf 89' lang='lat' dir='ltr'><strong>Medicis</strong></span> <span class='ocrx_word' id='word_1_17' title='bbox 609 563 683 616; x_wconf 89' lang='lat' dir='ltr'><strong>rebus</strong></span> 
     </span>
     <span class='ocr_line' id='line_1_5' title="bbox 250 653 911 718; baseline 0.002 -15"><span class='ocrx_word' id='word_1_18' title='bbox 250 654 360 718; x_wconf 81' lang='lat' dir='ltr'>Longius</span> <span class='ocrx_word' id='word_1_19' title='bbox 377 670 466 708; x_wconf 84' lang='lat' dir='ltr'><strong>aevum</strong></span> <span class='ocrx_word' id='word_1_20' title='bbox 483 660 531 706; x_wconf 84' lang='lat' dir='ltr'><strong>est.</strong></span> <span class='ocrx_word' id='word_1_21' title='bbox 711 653 859 718; x_wconf 76' lang='lat' dir='ltr'><strong>SanAgam.</strong></span> <span class='ocrx_word' id='word_1_22' title='bbox 868 657 911 704; x_wconf 83' lang='lat'><strong>99.</strong></span> 
     </span>
    </p>

    <p class='ocr_par' dir='ltr' id='par_1_3' title="bbox 214 743 904 804">
     <span class='ocr_line' id='line_1_6' title="bbox 214 743 904 804; baseline 0 -10"><span class='ocrx_word' id='word_1_23' title='bbox 214 745 355 795; x_wconf 75' lang='lat' dir='ltr'><strong>Miscentur</strong></span> <span class='ocrx_word' id='word_1_24' title='bbox 374 747 456 796; x_wconf 88' lang='lat' dir='ltr'><strong>tristia</strong></span> <span class='ocrx_word' id='word_1_25' title='bbox 472 746 552 796; x_wconf 84' lang='lat' dir='ltr'><strong>laetis.</strong></span> <span class='ocrx_word' id='word_1_26' title='bbox 666 743 904 804; x_wconf 42' lang='lat' dir='ltr'><strong>Orrn.Fast.6‚463t</strong></span> 
     </span>
    </p>

    <p class='ocr_par' dir='ltr' id='par_1_4' title="bbox 215 835 914 985">
     <span class='ocr_line' id='line_1_7' title="bbox 215 835 778 900; baseline 0 -14"><span class='ocrx_word' id='word_1_27' title='bbox 215 835 269 886; x_wconf 92' lang='lat' dir='ltr'><strong>Nen</strong></span> <span class='ocrx_word' id='word_1_28' title='bbox 293 837 359 886; x_wconf 88' lang='lat' dir='ltr'><strong>emni</strong></span> <span class='ocrx_word' id='word_1_29' title='bbox 384 835 425 887; x_wconf 86' lang='lat' dir='ltr'><strong>die</strong></span> <span class='ocrx_word' id='word_1_30' title='bbox 445 836 508 888; x_wconf 89' lang='lat' dir='ltr'><strong>bene</strong></span> <span class='ocrx_word' id='word_1_31' title='bbox 533 851 587 887; x_wconf 89' lang='lat' dir='ltr'><strong>esse</strong></span> <span class='ocrx_word' id='word_1_32' title='bbox 613 840 701 900; x_wconf 87' lang='lat' dir='ltr'><strong>petest.</strong></span> <span class='ocrx_word' id='word_1_33' title='bbox 776 853 778 856; x_wconf 91' lang='lat'>·</span> 
     </span>
     <span class='ocr_line' id='line_1_8' title="bbox 372 926 914 985; baseline 0 -9"><span class='ocrx_word' id='word_1_34' title='bbox 372 926 630 985; x_wconf 76' lang='lat' dir='ltr'><strong>Gnnn.Nect.Att.17,</strong></span> <span class='ocrx_word' id='word_1_35' title='bbox 641 930 671 976; x_wconf 77' lang='lat'><strong>12</strong></span> <span class='ocrx_word' id='word_1_36' title='bbox 682 943 714 978; x_wconf 84' lang='lat' dir='ltr'><strong>ex</strong></span> <span class='ocrx_word' id='word_1_37' title='bbox 721 926 812 978; x_wconf 85' lang='lat' dir='ltr'><strong>Graece</strong></span> <span class='ocrx_word' id='word_1_38' title='bbox 833 941 914 978; x_wconf 87' lang='lat' dir='ltr'><strong>versu.</strong></span> 
     </span>
    </p>

    <p class='ocr_par' dir='ltr' id='par_1_5' title="bbox 214 1015 978 1082">
     <span class='ocr_line' id='line_1_9' title="bbox 214 1015 978 1082; baseline 0 -14"><span class='ocrx_word' id='word_1_39' title='bbox 214 1015 290 1069; x_wconf 86' lang='lat' dir='ltr'>Venit</span> <span class='ocrx_word' id='word_1_40' title='bbox 306 1023 362 1082; x_wconf 90' lang='lat' dir='ltr'><strong>pest</strong></span> <span class='ocrx_word' id='word_1_41' title='bbox 382 1017 472 1067; x_wconf 89' lang='lat' dir='ltr'><strong>multes</strong></span> <span class='ocrx_word' id='word_1_42' title='bbox 489 1033 539 1067; x_wconf 90' lang='lat' dir='ltr'><strong>una</strong></span> <span class='ocrx_word' id='word_1_43' title='bbox 557 1031 644 1068; x_wconf 88' lang='lat' dir='ltr'><strong>serena</strong></span> <span class='ocrx_word' id='word_1_44' title='bbox 664 1017 725 1068; x_wconf 91' lang='lat' dir='ltr'><strong>dies.</strong></span> <span class='ocrx_word' id='word_1_45' title='bbox 761 1017 816 1067; x_wconf 85' lang='lat' dir='ltr'><strong>Tra.</strong></span> <span class='ocrx_word' id='word_1_46' title='bbox 824 1017 863 1067; x_wconf 86' lang='lat' dir='ltr'><strong>El.</strong></span> <span class='ocrx_word' id='word_1_47' title='bbox 872 1020 895 1076; x_wconf 83' lang='lat'><strong>3,</strong></span> <span class='ocrx_word' id='word_1_48' title='bbox 904 1019 927 1076; x_wconf 86' lang='grc'><strong>6,</strong></span> <span class='ocrx_word' id='word_1_49' title='bbox 935 1019 978 1068; x_wconf 79' lang='lat'><strong>32.</strong></span> 
     </span>
    </p>
   </div>
   <div class='ocr_carea' id='block_1_3' title="bbox 498 1143 662 1196">
    <p class='ocr_par' dir='ltr' id='par_1_6' title="bbox 498 1143 662 1196">
     <span class='ocr_line' id='line_1_10' title="bbox 498 1143 662 1196; baseline 0 -2"><span class='ocrx_word' id='word_1_50' title='bbox 498 1153 524 1196; x_wconf 84' lang='lat'><strong>4.</strong></span> <span class='ocrx_word' id='word_1_51' title='bbox 538 1151 579 1195; x_wconf 86' lang='lat' dir='ltr'><strong>Da</strong></span> <span class='ocrx_word' id='word_1_52' title='bbox 591 1143 662 1194; x_wconf 82' lang='lat' dir='ltr'><strong>fato.</strong></span> 
     </span>
    </p>
   </div>
   <div class='ocr_carea' id='block_1_4' title="bbox 214 1240 985 1670">
    <p class='ocr_par' dir='ltr' id='par_1_7' title="bbox 214 1240 985 1670">
     <span class='ocr_line' id='line_1_11' title="bbox 214 1240 846 1306; baseline -0.003 -14"><span class='ocrx_word' id='word_1_53' title='bbox 214 1240 366 1293; x_wconf 79' lang='lat' dir='ltr'><strong>Enumerare</strong></span> <span class='ocrx_word' id='word_1_54' title='bbox 384 1257 468 1293; x_wconf 87' lang='lat' dir='ltr'><strong>omnes</strong></span> <span class='ocrx_word' id='word_1_55' title='bbox 484 1240 591 1292; x_wconf 86' lang='lat' dir='ltr'><strong>fatorum</strong></span> <span class='ocrx_word' id='word_1_56' title='bbox 611 1243 663 1293; x_wconf 87' lang='lat' dir='ltr'><strong>vias</strong></span> <span class='ocrx_word' id='word_1_57' title='bbox 678 1241 779 1306; x_wconf 84' lang='lat' dir='ltr'><strong>lengum</strong></span> <span class='ocrx_word' id='word_1_58' title='bbox 797 1245 846 1292; x_wconf 84' lang='lat' dir='ltr'><strong>est.</strong></span> 
     </span>
     <span class='ocr_line' id='line_1_12' title="bbox 670 1331 909 1397; baseline -0.013 -14"><span class='ocrx_word' id='word_1_59' title='bbox 670 1331 909 1397; x_wconf 79' lang='lat' dir='ltr'><strong>Srr.Epist.9l‚12.</strong></span> 
     </span>
     <span class='ocr_line' id='line_1_13' title="bbox 214 1420 817 1480; baseline 0.002 -8"><span class='ocrx_word' id='word_1_60' title='bbox 214 1423 315 1473; x_wconf 84' lang='lat' dir='ltr'><strong>Ducunt</strong></span> <span class='ocrx_word' id='word_1_61' title='bbox 337 1421 458 1473; x_wconf 87' lang='lat' dir='ltr'><strong>veientem</strong></span> <span class='ocrx_word' id='word_1_62' title='bbox 476 1420 540 1480; x_wconf 78' lang='lat' dir='ltr'><strong>fata,</strong></span> <span class='ocrx_word' id='word_1_63' title='bbox 561 1422 684 1472; x_wconf 85' lang='lat' dir='ltr'><strong>nolentem</strong></span> <span class='ocrx_word' id='word_1_64' title='bbox 709 1423 817 1473; x_wconf 89' lang='lat' dir='ltr'><strong>trahunt.</strong></span> 
     </span>
     <span class='ocr_line' id='line_1_14' title="bbox 483 1512 908 1579; baseline 0.005 -17"><span class='ocrx_word' id='word_1_65' title='bbox 483 1512 560 1564; x_wconf 86' lang='lat' dir='ltr'><strong>Poeta</strong></span> <span class='ocrx_word' id='word_1_66' title='bbox 571 1513 636 1578; x_wconf 87' lang='lat' dir='ltr'><strong>apud</strong></span> <span class='ocrx_word' id='word_1_67' title='bbox 650 1513 704 1563; x_wconf 84' lang='lat' dir='ltr'><strong>San.</strong></span> <span class='ocrx_word' id='word_1_68' title='bbox 711 1513 791 1579; x_wconf 84' lang='lat' dir='ltr'><strong>Epist.</strong></span> <span class='ocrx_word' id='word_1_69' title='bbox 801 1517 858 1572; x_wconf 80' lang='lat'>107,</span> <span class='ocrx_word' id='word_1_70' title='bbox 869 1518 908 1564; x_wconf 90' lang='lat' dir='ltr'><strong>ll.</strong></span> 
     </span>
     <span class='ocr_line' id='line_1_15' title="bbox 214 1601 985 1670; baseline 0.003 -15"><span class='ocrx_word' id='word_1_71' title='bbox 214 1603 308 1655; x_wconf 80' lang='lat' dir='ltr'><strong>Circuit</strong></span> <span class='ocrx_word' id='word_1_72' title='bbox 324 1601 406 1653; x_wconf 87' lang='lat' dir='ltr'><strong>fatum</strong></span> <span class='ocrx_word' id='word_1_73' title='bbox 428 1609 460 1663; x_wconf 78' lang='lat' dir='ltr'><strong>et,</strong></span> <span class='ocrx_word' id='word_1_74' title='bbox 480 1605 502 1654; x_wconf 86' lang='lat' dir='ltr'><strong>si</strong></span> <span class='ocrx_word' id='word_1_75' title='bbox 514 1603 575 1668; x_wconf 92' lang='lat' dir='ltr'><strong>quid</strong></span> <span class='ocrx_word' id='word_1_76' title='bbox 587 1604 630 1654; x_wconf 92' lang='lat' dir='ltr'><strong>diu</strong></span> <span class='ocrx_word' id='word_1_77' title='bbox 641 1605 775 1668; x_wconf 88' lang='lat' dir='ltr'><strong>praeteriit,</strong></span> <span class='ocrx_word' id='word_1_78' title='bbox 793 1607 891 1670; x_wconf 89' lang='lat' dir='ltr'><strong>repetit.</strong></span> <span class='ocrx_word' id='word_1_79' title='bbox 903 1604 985 1666; x_wconf 85' lang='lat' dir='ltr'><strong>Quae·</strong></span> 
     </span>
    </p>
   </div>
   <div class='ocr_carea' id='block_1_5' title="bbox 181 1693 983 1844">
    <p class='ocr_par' dir='ltr' id='par_1_8' title="bbox 181 1693 983 1844">
     <span class='ocr_line' id='line_1_16' title="bbox 184 1693 983 1759; baseline 0.004 -15"><span class='ocrx_word' id='word_1_80' title='bbox 184 1693 241 1744; x_wconf 88' lang='lat' dir='ltr'><strong>dam</strong></span> <span class='ocrx_word' id='word_1_81' title='bbox 259 1695 339 1744; x_wconf 86' lang='lat' dir='ltr'><strong>rarius</strong></span> <span class='ocrx_word' id='word_1_82' title='bbox 363 1693 490 1752; x_wconf 80' lang='lat' dir='ltr'><strong>sollicitat,</strong></span> <span class='ocrx_word' id='word_1_83' title='bbox 513 1696 619 1759; x_wconf 89' lang='lat' dir='ltr'><strong>saepius</strong></span> <span class='ocrx_word' id='word_1_84' title='bbox 637 1694 770 1759; x_wconf 84' lang='lat' dir='ltr'><strong>quaedam,</strong></span> <span class='ocrx_word' id='word_1_85' title='bbox 794 1695 858 1745; x_wconf 92' lang='lat' dir='ltr'><strong>nihil</strong></span> <span class='ocrx_word' id='word_1_86' title='bbox 880 1697 983 1748; x_wconf 90' lang='lat' dir='ltr'><strong>inmune</strong></span> 
     </span>
     <span class='ocr_line' id='line_1_17' title="bbox 181 1783 911 1844; baseline 0 -8"><span class='ocrx_word' id='word_1_87' title='bbox 181 1799 237 1836; x_wconf 87' lang='lat' dir='ltr'><strong>esse</strong></span> <span class='ocrx_word' id='word_1_88' title='bbox 259 1790 284 1836; x_wconf 87' lang='lat' dir='ltr'><strong>et</strong></span> <span class='ocrx_word' id='word_1_89' title='bbox 301 1786 433 1834; x_wconf 81' lang='lat' dir='ltr'><strong>innoxium</strong></span> <span class='ocrx_word' id='word_1_90' title='bbox 452 1786 518 1836; x_wconf 89' lang='lat' dir='ltr'><strong>sinit.</strong></span> <span class='ocrx_word' id='word_1_91' title='bbox 578 1785 632 1834; x_wconf 86' lang='lat' dir='ltr'><strong>San.</strong></span> <span class='ocrx_word' id='word_1_92' title='bbox 640 1783 800 1844; x_wconf 79' lang='lat' dir='ltr'><strong>NatQuaest.</strong></span> <span class='ocrx_word' id='word_1_93' title='bbox 808 1789 862 1844; x_wconf 86' lang='lat'>6‚1‚</span> <span class='ocrx_word' id='word_1_94' title='bbox 872 1790 911 1837; x_wconf 85' lang='lat'><strong>13.</strong></span> 
     </span>
    </p>
   </div>
   <div class='ocr_carea' id='block_1_6' title="bbox 451 1935 717 1980">
    <p class='ocr_par' dir='ltr' id='par_1_9' title="bbox 451 1935 717 1980">
     <span class='ocr_line' id='line_1_18' title="bbox 451 1935 717 1980; baseline -0.004 0"><span class='ocrx_word' id='word_1_95' title='bbox 451 1937 476 1980; x_wconf 84' lang='lat'><strong>5.</strong></span> <span class='ocrx_word' id='word_1_96' title='bbox 490 1937 530 1980; x_wconf 83' lang='lat' dir='ltr'><strong>De</strong></span> <span class='ocrx_word' id='word_1_97' title='bbox 542 1935 717 1980; x_wconf 82' lang='lat' dir='ltr'><strong>necessitate.</strong></span> 
     </span>
    </p>
   </div>
   <div class='ocr_carea' id='block_1_7' title="bbox 183 2026 985 2454">
    <p class='ocr_par' dir='ltr' id='par_1_10' title="bbox 183 2026 985 2454">
     <span class='ocr_line' id='line_1_19' title="bbox 215 2026 979 2086; baseline 0 -9"><span class='ocrx_word' id='word_1_98' title='bbox 215 2027 356 2078; x_wconf 75' lang='lat' dir='ltr'><strong>Necessitas</strong></span> <span class='ocrx_word' id='word_1_99' title='bbox 365 2026 480 2076; x_wconf 89' lang='lat' dir='ltr'><strong>ultimum</strong></span> <span class='ocrx_word' id='word_1_100' title='bbox 490 2031 514 2077; x_wconf 90' lang='lat' dir='ltr'><strong>et</strong></span> <span class='ocrx_word' id='word_1_101' title='bbox 531 2029 666 2077; x_wconf 84' lang='lat' dir='ltr'><strong>maximum</strong></span> <span class='ocrx_word' id='word_1_102' title='bbox 676 2027 753 2077; x_wconf 86' lang='lat' dir='ltr'><strong>teium</strong></span> <span class='ocrx_word' id='word_1_103' title='bbox 762 2031 806 2078; x_wconf 88' lang='lat' dir='ltr'><strong>est.</strong></span> <span class='ocrx_word' id='word_1_104' title='bbox 814 2027 868 2079; x_wconf 83' lang='lat' dir='ltr'><strong>Lrv.</strong></span> <span class='ocrx_word' id='word_1_105' title='bbox 877 2031 901 2086; x_wconf 89' lang='grc'><strong>4,</strong></span> <span class='ocrx_word' id='word_1_106' title='bbox 909 2029 979 2085; x_wconf 81' lang='lat'><strong>28,5.</strong></span> 
     </span>
     <span class='ocr_line' id='line_1_20' title="bbox 216 2115 908 2182; baseline -0.001 -13"><span class='ocrx_word' id='word_1_107' title='bbox 216 2117 364 2168; x_wconf 77' lang='lat' dir='ltr'><strong>Necessitati</strong></span> <span class='ocrx_word' id='word_1_108' title='bbox 384 2117 520 2182; x_wconf 86' lang='lat' dir='ltr'><strong>parendum</strong></span> <span class='ocrx_word' id='word_1_109' title='bbox 530 2122 574 2167; x_wconf 90' lang='lat' dir='ltr'><strong>est.</strong></span> <span class='ocrx_word' id='word_1_110' title='bbox 610 2115 702 2168; x_wconf 80' lang='lat' dir='ltr'><strong>Crede</strong></span> <span class='ocrx_word' id='word_1_111' title='bbox 714 2116 908 2177; x_wconf 62' lang='lat' dir='ltr'><strong>efficatiae.</strong></span> 
     </span>
     <span class='ocr_line' id='line_1_21' title="bbox 218 2207 985 2274; baseline 0.003 -17"><span class='ocrx_word' id='word_1_112' title='bbox 218 2207 333 2273; x_wconf 85' lang='lat' dir='ltr'><strong>Temperi</strong></span> <span class='ocrx_word' id='word_1_113' title='bbox 358 2207 453 2266; x_wconf 82' lang='lat' dir='ltr'><strong>cedere,</strong></span> <span class='ocrx_word' id='word_1_114' title='bbox 478 2207 505 2258; x_wconf 88' lang='lat' dir='ltr'><strong>id</strong></span> <span class='ocrx_word' id='word_1_115' title='bbox 530 2214 568 2258; x_wconf 87' lang='lat' dir='ltr'><strong>est</strong></span> <span class='ocrx_word' id='word_1_116' title='bbox 594 2209 737 2259; x_wconf 83' lang='lat' dir='ltr'><strong>necessitati</strong></span> <span class='ocrx_word' id='word_1_117' title='bbox 760 2223 858 2274; x_wconf 83' lang='lat' dir='ltr'><strong>parere,</strong></span> <span class='ocrx_word' id='word_1_118' title='bbox 883 2222 985 2274; x_wconf 87' lang='lat' dir='ltr'><strong>semper</strong></span> 
     </span>
     <span class='ocr_line' id='line_1_22' title="bbox 183 2297 910 2362; baseline 0.001 -14"><span class='ocrx_word' id='word_1_119' title='bbox 183 2299 302 2362; x_wconf 80' lang='lat' dir='ltr'><strong>sepientis</strong></span> <span class='ocrx_word' id='word_1_120' title='bbox 319 2302 357 2348; x_wconf 90' lang='lat' dir='ltr'><strong>est</strong></span> <span class='ocrx_word' id='word_1_121' title='bbox 374 2297 494 2348; x_wconf 89' lang='lat' dir='ltr'><strong>habitum.</strong></span> <span class='ocrx_word' id='word_1_122' title='bbox 653 2298 745 2349; x_wconf 81' lang='lat' dir='ltr'><strong>Cread</strong></span> <span class='ocrx_word' id='word_1_123' title='bbox 756 2298 814 2349; x_wconf 86' lang='lat' dir='ltr'><strong>fam.</strong></span> <span class='ocrx_word' id='word_1_124' title='bbox 822 2303 845 2358; x_wconf 80' lang='lat'><strong>4,</strong></span> <span class='ocrx_word' id='word_1_125' title='bbox 853 2302 878 2358; x_wconf 84' lang='lat'><strong>9,</strong></span> <span class='ocrx_word' id='word_1_126' title='bbox 887 2301 910 2349; x_wconf 80' lang='lat'><strong>2.</strong></span> 
     </span>
     <span class='ocr_line' id='line_1_23' title="bbox 217 2388 984 2454; baseline 0.003 -16"><span class='ocrx_word' id='word_1_127' title='bbox 217 2388 358 2438; x_wconf 80' lang='lat' dir='ltr'><strong>Necessitas</strong></span> <span class='ocrx_word' id='word_1_128' title='bbox 370 2389 427 2452; x_wconf 86' lang='lat' dir='ltr'><strong>pius</strong></span> <span class='ocrx_word' id='word_1_129' title='bbox 437 2405 510 2454; x_wconf 86' lang='lat' dir='ltr'><strong>pesse</strong></span> <span class='ocrx_word' id='word_1_130' title='bbox 520 2403 593 2454; x_wconf 91' lang='lat' dir='ltr'><strong>quam</strong></span> <span class='ocrx_word' id='word_1_131' title='bbox 602 2391 682 2454; x_wconf 88' lang='lat' dir='ltr'><strong>pietas</strong></span> <span class='ocrx_word' id='word_1_132' title='bbox 694 2389 763 2441; x_wconf 89' lang='lat' dir='ltr'><strong>sciet.</strong></span> <span class='ocrx_word' id='word_1_133' title='bbox 782 2389 881 2440; x_wconf 79' lang='lat' dir='ltr'><strong>SrnTn</strong></span> <span class='ocrx_word' id='word_1_134' title='bbox 889 2392 984 2450; x_wconf 79' lang='grc'><strong>3,579.</strong></span> 
     </span>
    </p>
   </div>
   <div class='ocr_carea' id='block_1_8' title="bbox 216 2524 985 2944">
    <p class='ocr_par' dir='ltr' id='par_1_11' title="bbox 399 2524 733 2568">
     <span class='ocr_line' id='line_1_24' title="bbox 399 2524 733 2568; baseline 0 0"><span class='ocrx_word' id='word_1_135' title='bbox 399 2561 402 2568; x_wconf 31' lang='lat' dir='ltr'><strong>i</strong></span> <span class='ocrx_word' id='word_1_136' title='bbox 478 2524 504 2568; x_wconf 83' lang='lat'><strong>6.</strong></span> <span class='ocrx_word' id='word_1_137' title='bbox 517 2525 559 2568; x_wconf 84' lang='lat' dir='ltr'><strong>De</strong></span> <span class='ocrx_word' id='word_1_138' title='bbox 572 2525 692 2568; x_wconf 77' lang='lat' dir='ltr'><strong>fortuna.</strong></span> <span class='ocrx_word' id='word_1_139' title='bbox 731 2564 733 2568; x_wconf 91' lang='lat'>.</span> 
     </span>
    </p>

    <p class='ocr_par' dir='ltr' id='par_1_12' title="bbox 216 2613 985 2856">
     <span class='ocr_line' id='line_1_25' title="bbox 288 2613 876 2657; baseline 0.003 -9"><span class='ocrx_word' id='word_1_140' title='bbox 288 2613 394 2649; x_wconf 72' lang='lat' dir='ltr'><strong>Fortuna</strong></span> <span class='ocrx_word' id='word_1_141' title='bbox 406 2622 474 2657; x_wconf 74' lang='lat' dir='ltr'><strong>quam</strong></span> <span class='ocrx_word' id='word_1_142' title='bbox 486 2615 534 2650; x_wconf 86' lang='lat' dir='ltr'><strong>vim</strong></span> <span class='ocrx_word' id='word_1_143' title='bbox 546 2615 668 2652; x_wconf 70' lang='lat' dir='ltr'><strong>habentia</strong></span> <span class='ocrx_word' id='word_1_144' title='bbox 680 2616 751 2652; x_wconf 70' lang='lat' dir='ltr'><strong>robus</strong></span> <span class='ocrx_word' id='word_1_145' title='bbox 762 2617 876 2652; x_wconf 70' lang='lat' dir='ltr'><strong>humanis.</strong></span> 
     </span>
     <span class='ocr_line' id='line_1_26' title="bbox 218 2690 985 2766; baseline 0.004 -19"><span class='ocrx_word' id='word_1_146' title='bbox 218 2697 325 2748; x_wconf 84' lang='lat' dir='ltr'><strong>Fortuna</strong></span> <span class='ocrx_word' id='word_1_147' title='bbox 336 2711 418 2748; x_wconf 90' lang='lat' dir='ltr'><strong>rerum</strong></span> <span class='ocrx_word' id='word_1_148' title='bbox 431 2690 599 2750; x_wconf 82' lang='lat' dir='ltr'><strong>humanarum</strong></span> <span class='ocrx_word' id='word_1_149' title='bbox 606 2699 711 2752; x_wconf 86' lang='lat' dir='ltr'><strong>demina.</strong></span> <span class='ocrx_word' id='word_1_150' title='bbox 731 2699 783 2752; x_wconf 82' lang='lat' dir='ltr'><strong>Ore.</strong></span> <span class='ocrx_word' id='word_1_151' title='bbox 790 2715 834 2766; x_wconf 89' lang='lat' dir='ltr'><strong>pre</strong></span> <span class='ocrx_word' id='word_1_152' title='bbox 841 2702 919 2751; x_wconf 89' lang='lat' dir='ltr'><strong>Marc.</strong></span> <span class='ocrx_word' id='word_1_153' title='bbox 928 2702 951 2760; x_wconf 73' lang='lat'><strong>2,</strong></span> <span class='ocrx_word' id='word_1_154' title='bbox 960 2703 974 2750; x_wconf 82' lang='grc'><strong>7</strong></span> <span class='ocrx_word' id='word_1_155' title='bbox 978 2737 985 2750; x_wconf 94' lang='grc'><strong>.</strong></span> 
     </span>
     <span class='ocr_line' id='line_1_27' title="bbox 216 2787 721 2856; baseline 0.004 -16"><span class='ocrx_word' id='word_1_156' title='bbox 216 2788 301 2840; x_wconf 85' lang='lat' dir='ltr'><strong>Vitem</strong></span> <span class='ocrx_word' id='word_1_157' title='bbox 319 2789 382 2852; x_wconf 75' lang='lat' dir='ltr'><strong>regit</strong></span> <span class='ocrx_word' id='word_1_158' title='bbox 400 2787 505 2850; x_wconf 76' lang='lat' dir='ltr'><strong>fortuna</strong></span> <span class='ocrx_word' id='word_1_159' title='bbox 524 2807 572 2841; x_wconf 94' lang='lat' dir='ltr'><strong>nen</strong></span> <span class='ocrx_word' id='word_1_160' title='bbox 591 2792 721 2856; x_wconf 89' lang='lat' dir='ltr'><strong>sapientia.</strong></span> 
     </span>
    </p>

    <p class='ocr_par' dir='ltr' id='par_1_13' title="bbox 425 2881 915 2944">
     <span class='ocr_line' id='line_1_28' title="bbox 425 2881 915 2944; baseline 0.002 -12"><span class='ocrx_word' id='word_1_161' title='bbox 425 2941 427 2944; x_wconf 23' lang='lat'>¹</span> <span class='ocrx_word' id='word_1_162' title='bbox 519 2881 571 2933; x_wconf 84' lang='lat' dir='ltr'><strong>Orc.</strong></span> <span class='ocrx_word' id='word_1_163' title='bbox 582 2882 655 2933; x_wconf 74' lang='lat' dir='ltr'><strong>&#39;Iure</strong></span> <span class='ocrx_word' id='word_1_164' title='bbox 664 2887 687 2942; x_wconf 81' lang='lat'><strong>5,</strong></span> <span class='ocrx_word' id='word_1_165' title='bbox 696 2885 719 2942; x_wconf 83' lang='grc'><strong>9,</strong></span> <span class='ocrx_word' id='word_1_166' title='bbox 727 2885 759 2934; x_wconf 80' lang='lat'><strong>25</strong></span> <span class='ocrx_word' id='word_1_167' title='bbox 771 2898 803 2934; x_wconf 81' lang='lat' dir='ltr'><strong>ex</strong></span> <span class='ocrx_word' id='word_1_168' title='bbox 813 2881 915 2934; x_wconf 87' lang='lat' dir='ltr'><strong>Graece.</strong></span> 
     </span>
    </p>
   </div>
   <div class='ocr_carea' id='block_1_9' title="bbox 0 0 1110 3406">
    <p class='ocr_par' dir='ltr' id='par_1_14' title="bbox 0 0 1110 3406">
     <span class='ocr_line' id='line_1_29' title="bbox 0 0 1110 3406; baseline 0 0"><span class='ocrx_word' id='word_1_169' title='bbox 0 0 1110 3406; x_wconf 95' lang='lat' dir='ltr'><strong> </strong></span> 
     </span>
    </p>
   </div>
  </div>
 </body>
</html>
