2212 3406
256 495 319 546 Nem
336 509 407 546 verae
425 511 496 546 voees
515 500 568 546 tum
587 495 686 547 demum
705 500 803 561 pectore
821 495 851 546 ab
869 498 919 547 imo

257 585 396 636 Eiciuntnr.
520 586 596 637 Luce.
609 587 639 637 de
650 601 697 637 ror.
705 592 753 636 net.
762 590 784 645 3,
793 590 835 638 53.

432 701 459 746 8.
472 701 513 746 De
527 702 737 754 superstitione.

222 790 264 843 Ad
281 791 414 856 religiones
438 794 545 843 maxime
569 794 709 843 etiamnunc
734 792 825 856 caligat
849 791 985 842 humanum

189 897 275 948 genus.
558 883 765 937 penmanent.
774 886 815 940 30,
824 886 846 931 1.
859 884 913 933 init.

223 972 401 1038 Superstitioue
422 971 531 1024 tollenda
548 973 636 1038 religio
654 989 702 1024 non
720 973 823 1024 tollitur.

609 1063 662 1116 Orc.
674 1064 705 1115 de
717 1064 767 1114 dir.
775 1067 799 1122 2,
807 1068 820 1113 7
824 1065 848 1122 2,
857 1065 915 1113 148.

222 1154 298 1206 Nulla
313 1168 353 1204 res
370 1153 555 1205 multitudinem
573 1154 700 1205 efficacius
715 1156 780 1218 regit
802 1169 875 1219 quam
899 1168 985 1219 super·

188 1246 268 1298 stilio:
288 1243 398 1308 alioquin
408 1245 539 1310 impotens,
557 1260 639 1307 suere,
657 1244 793 1304 mutabilis,
811 1244 855 1295 ubi
866 1260 929 1295 rene
944 1259 985 1296 re-

188 1336 282 1401 ligione
301 1339 373 1400 cepte
397 1340 447 1394 est,
468 1335 558 1386 melius
584 1335 682 1387 retibus
704 1351 778 1401 quem
802 1335 908 1386 ducibus
931 1337 985 1386 suis

187 1431 266 1492 peret.
758 1424 913 1477 Guer.4.10.

223 1515 279 1567 Hoc
297 1516 409 1567 condicio
427 1515 535 1566 humana
555 1517 595 1567 uel
606 1517 742 1581 pessimum
753 1515 835 1575 habet,
854 1515 921 1581 quod
933 1514 985 1566 for-

190 1609 250 1657 tune
267 1620 328 1671 quos
346 1607 448 1656 miseros
465 1605 525 1657 fecit
544 1611 568 1657 et
587 1608 771 1672 superstitiosos
789 1605 856 1657 facit.

442 1696 497 1746 Suu.
504 1697 621 1762 Excerpt.
630 1696 711 1749 Contu.
721 1715 744 1763 p.
752 1701 801 1748 465
814 1697 852 1748 cd.
859 1698 914 1762 Bip.

214 1811 243 1856 9.
257 1809 357 1856 omnio
373 1822 390 1855 e
402 1822 498 1856 rorum
510 1814 673 1865 primordiis
687 1814 844 1858 constitute
857 1815 885 1857 et
897 1815 963 1857 fixe.

225 1901 350 1966 Equidem
373 1906 472 1954 aeterne
495 1905 669 1956 constitutione
693 1903 842 1955 crediderim
870 1918 986 1968 nexuque

159 2002 160 2006 ’
189 2007 319 2044 causamn
336 1993 465 2044 latentium
483 1998 507 2044 ot
533 1994 610 2045 multo
631 1999 687 2046 ante
712 1995 889 2044 destinatarum
913 2008 998 2044 suum·
1097 1983 1098 2002 ¹

189 2096 312 2149 quemque
322 2084 433 2135 ordinem
441 2084 582 2134 inmutabili
592 2085 647 2150 lege
656 2099 805 2150 percurrere.
826 2083 902 2137 (iuer.
909 2087 933 2143 5,
942 2088 982 2134 11.

430 2201 472 2244 10.
486 2200 528 2244 De
540 2201 586 2245 dei
597 2201 743 2245 ministris.

225 2288 280 2338 Nou
297 2291 393 2353 quaerit
411 2291 537 2341 ministros
557 2291 628 2350 dens,
648 2292 703 2356 ipse
721 2289 827 2341 hnmano
836 2292 921 2355 generi
937 2292 985 2342 mi-

189 2379 290 2429 nistrat:
305 2377 398 2443 ubique
409 2384 434 2430 et
445 2379 557 2430 omuibus
565 2386 663 2445 praesto
676 2385 721 2432 est.
740 2379 796 2433 Sur.
802 2381 851 2446 Ep.
859 2383 900 2439 95,
908 2384 949 2430 47.

226 2467 313 2520 Coram
334 2469 460 2520 secerdote
480 2469 592 2521 obscenis
611 2471 723 2522 homines
741 2471 872 2523 abstinent.

471 2559 526 2611 Seu.
533 2561 651 2628 Excerpt.
658 2561 739 2613 Ooutr.
746 2578 770 2629 p.
778 2565 812 2613 84
820 2561 851 2613 ed
861 2563 915 2628 Bip.
