2212 3406
469 293 560 331 mvii

115 383 278 432 convenirent.
306 381 443 433 Sententias
462 385 524 448 ipsis
541 381 623 434 verbis
640 383 730 447 quibus
747 383 778 433 ab
794 385 857 448 ipsis
867 399 912 433 au-

115 471 224 521 ctoribus
246 477 303 522 sunt
321 487 453 537 expressae
471 473 569 538 protuli,
590 476 648 537 quia
667 487 781 538 praesens
793 487 853 539 opus
864 489 911 523 non

114 561 269 626 eloquentiae
288 565 487 623 ostentationem,
512 563 555 613 sed
577 563 753 614 noscendornm
773 566 911 628 congeriem

115 651 254 716 pollicetur.
282 653 369 717 ltaque
393 655 505 704 notitiam
525 657 652 704 vetustatis
675 656 736 719 ipsis
757 656 912 718 antiquorum

113 741 220 792 fideliter
238 743 317 793 verbis
338 758 510 807 recognosces,
533 751 605 808 prout
624 759 736 808 quaeque
760 759 787 794 se
806 743 911 794 transfe-

113 831 191 882 renda
208 835 384 898 suggesserint.
408 833 477 899 Apes
502 837 565 885 euim
592 834 769 899 quodammodo
794 833 911 884 debemur

113 923 220 981 imitari,
244 939 307 988 quae
327 931 446 988 vagantur
464 932 488 975 et
505 926 576 975 flores
596 930 713 989 carpunt,
733 925 823 975 deinde
841 927 910 988 quic-

113 1013 175 1075 quid
200 1014 304 1064 attulcre
329 1015 461 1079 disponunt
488 1031 516 1065 ac
540 1031 584 1080 per
612 1015 680 1066 favos
706 1015 828 1065 dividunt.
859 1015 910 1066 Nos

113 1116 213 1167 quoque
232 1104 350 1168 quicquid
369 1104 467 1155 diversa
483 1105 587 1156 lectione
602 1108 769 1170 quaesivimus
787 1107 911 1156 commisi-

113 1207 169 1242 mus
188 1193 245 1243 stilo
265 1199 289 1244 et
308 1196 333 1244 in
352 1195 461 1246 ordinem
480 1195 642 1259 digessimus3
661 1211 716 1246 nam
733 1197 759 1245 in
770 1197 910 1246 animeme-

115 1283 166 1332 lius
185 1283 302 1334 distincta
321 1291 453 1336 serrantur.

152 1373 200 1424 His
218 1373 342 1425 Macrobii
362 1375 442 1426 verbis
461 1391 540 1440 pauca
558 1375 636 1426 habeo
657 1391 720 1440 quae
739 1376 837 1427 addam.

150 1464 269 1530 Disposui
288 1475 311 1516 et
330 1465 424 1529 digessi
446 1468 580 1516 sententias
597 1465 711 1517 collectas
731 1469 780 1526 ita,
798 1473 826 1517 ut
844 1482 911 1518 com-

113 1555 215 1604 modum
233 1561 392 1620 conspectum
408 1556 542 1621 praebeant
559 1563 583 1608 et
604 1563 631 1607 ut
648 1573 662 1606 a
679 1557 854 1620 quaerentibus
871 1557 910 1608 la-

113 1645 162 1695 cile
187 1645 252 1710 quod
279 1648 334 1710 quis
363 1649 471 1696 maxime
495 1647 554 1698 velit
580 1650 721 1712 reperiatur.
758 1647 910 1713 Disponendi

113 1737 233 1786 rationem
251 1751 299 1786 non
319 1736 431 1787 omnibus
454 1739 547 1802 pariter
564 1737 691 1803 probatum
713 1740 744 1788 iri
764 1739 911 1804 praesidem

113 1840 198 1878 verum
217 1827 261 1891 qui
281 1825 354 1876 aliter
370 1827 401 1877 de
420 1827 526 1891 singulis
544 1833 659 1887 statuant,
677 1843 718 1879 eos
736 1833 833 1893 rogatos
850 1827 911 1888 volo,

112 1921 141 1966 ut
160 1931 240 1980 neque
257 1931 311 1966 eam
331 1931 403 1980 quam
424 1919 474 1982 ipsi
497 1920 612 1969 insistant
629 1920 693 1968 mam
716 1923 809 1969 ceteros
827 1933 910 1968 omnes

112 2008 267 2070 ingressuros
287 2021 342 2058 esse
360 2022 445 2058 secum
469 2015 589 2074 reputent.
622 2009 651 2058 In
676 2008 827 2073 apponendis
854 2024 910 2060 sen-

112 2098 199 2147 tentiis
218 2096 276 2146 aliis
290 2099 394 2162 parcior,
414 2097 471 2148 aliis
491 2097 617 2149 liberalior
629 2113 701 2163 quam
713 2098 815 2150 decebat
832 2097 911 2150 fuisse

112 2185 228 2244 videbun
246 2188 360 2237 nimirum
380 2189 406 2237 in
422 2189 470 2238 hae
488 2203 629 2253 quoquere
648 2191 756 2240 omnium
775 2189 909 2240 desideriis

112 2277 257 2327 satisfacere
279 2281 360 2342 potest
380 2293 457 2329 nemo.
479 2279 561 2330 Multo
581 2279 653 2344 plura
670 2279 737 2330 nullo
755 2281 853 2345 negotio
870 2295 910 2330 me

112 2368 173 2418 dare
191 2369 300 2432 potuisse
325 2367 457 2420 affirmanti
480 2370 543 2420 mihi
567 2369 735 2435 intelligentes
759 2370 833 2422 facile
857 2386 910 2421 cre-

112 2458 188 2516 dent;
204 2457 248 2508 sed
267 2459 291 2507 in
307 2457 405 2510 delectu
423 2460 522 2511 modum
535 2460 660 2520 adhibere,
681 2475 755 2526 quam
767 2475 829 2526 quae
839 2461 911 2513 obvia

112 2551 198 2594 essent
223 2543 348 2596 effundere
373 2545 457 2595 malui.
481 2545 508 2596 Si
530 2550 574 2611 qui
599 2547 663 2598 forte
682 2547 819 2607 offendant,
844 2548 909 2612 quod

111 2631 238 2680 interdum
257 2633 390 2682 conuarias
411 2634 476 2682 inter
494 2648 521 2683 se
540 2633 668 2684 decadem
685 2635 857 2685 resententias
873 2633 909 2683 al-

112 2716 176 2766 latas
194 2719 324 2782 reperiant,
341 2719 361 2768 ii
379 2718 491 2769 consulto
509 2720 535 2770 id
555 2736 570 2770 a
587 2735 626 2771 me
641 2718 734 2771 factum
750 2736 806 2770 esse
823 2722 909 2780 sciant,

112 2809 141 2854 ut
159 2809 253 2854 veteres
275 2805 343 2869 ipsos
361 2805 388 2854 in
404 2805 516 2858 diversas
531 2809 666 2857 sententias
684 2821 758 2871 saepe
776 2806 909 2857 discessis-

114 2905 142 2940 se
166 2889 364 2954 comparantibus
388 2896 489 2943 constet
531 2890 644 2943 Ceterum
669 2893 773 2958 optimas
800 2899 909 2944 vetemm
