2212 3406
526 272 573 308 VIII

150 375 202 410 mos
228 375 276 424 quo
300 361 421 411 maturius
448 361 565 411 virtutum
596 362 690 410 semina
721 363 884 418 coicerentur,
917 375 945 410 eo

150 453 265 502 certiores
286 449 402 500 habitura
428 465 484 501 esse
510 451 614 502 radices.
652 449 718 510 Quae
741 465 814 515 qnam
831 465 886 502 vere
905 465 944 500 es-

150 545 205 592 sent
221 541 295 600 dicta,
313 545 388 591 temet
410 541 492 606 ipsum
518 540 626 592 addebas
644 555 818 607 saepenumero
834 555 880 590 usu
901 555 946 590 ex-

149 635 246 696 pertum
263 646 324 682 esse.
378 629 462 696 Atque
483 632 545 682 haec
564 632 664 696 quidem
681 634 833 696 antiquitatis
851 630 946 681 studio-

149 735 204 771 rum
219 721 315 771 utilitas
331 723 429 771 tametsi
446 723 568 771 neminem
585 725 668 786 posset
685 719 779 785 fugere,
795 722 848 771 eius
865 725 947 770 tamen

151 811 303 863 commodam
322 827 370 861 non
388 811 500 862 omnibus
527 811 660 876 querebare
685 811 786 862 concedi
804 812 947 876 opportuni·

151 906 241 960 tatem,
265 900 388 966 siquidem
406 901 507 952 libellus
533 902 726 959 desideraretur,
750 903 820 952 cuius
837 917 866 951 ea
880 905 947 952 esset

151 993 227 1051 ratio,
251 997 292 1050 ut,
313 1007 375 1056 quae
394 994 541 1056 gravissima
560 993 625 1058 apud
642 997 736 1044 veteres
755 993 786 1042 de
803 993 868 1042 omni
883 993 949 1042 ritae

150 1083 244 1133 ratione
269 1087 293 1132 et
316 1084 471 1133 institutione
494 1085 619 1149 proposita
641 1088 724 1134 essent
743 1086 881 1148 praecepta,
902 1079 949 1132 sub

151 1187 228 1223 unum
251 1175 333 1238 posita
356 1179 513 1238 conspectum
536 1173 709 1238 quaerentibus
736 1173 811 1223 facile
828 1175 947 1237 paterent.

151 1265 206 1314 Non
224 1263 306 1314 surdis
325 1263 425 1314 auribus
443 1265 562 1315 cecinisti.
597 1264 729 1323 Libellum,
746 1263 843 1328 qualem
861 1262 949 1312 deesse

151 1355 288 1404 litterarum
306 1354 425 1405 studiosis
449 1353 594 1413 dictitabas‚
616 1353 719 1412 confeci,
743 1351 881 1404 consectum
898 1353 948 1402 iam

153 1427 255 1494 tibi'sic
271 1446 357 1504 mitto,
382 1449 411 1495 ut
432 1444 541 1496 fraterna
561 1446 686 1496 voluntate
703 1444 811 1495 oblatum
830 1442 948 1494 benevole

151 1540 176 1585 te
191 1539 348 1600 accepturum
364 1551 420 1586 esse
438 1551 541 1601 sperem.

182 1625 297 1676 Poteram
322 1625 364 1677 hic
389 1641 449 1691 ego,
474 1633 618 1692 postquam,
642 1627 685 1690 qui
706 1627 743 1675 tui
767 1639 891 1675 sennones
915 1621 947 1674 ad

151 1715 273 1766 edendum
292 1715 339 1767 hoc
357 1719 532 1767 sententiarum
550 1717 744 1780 promptuarium
767 1729 866 1765 causam
884 1713 947 1764 mihi

150 1805 314 1872 praebuerint,
329 1808 355 1856 in
373 1809 515 1857 memoriam
532 1805 578 1856 tibi
594 1809 713 1864 revocari,
731 1803 854 1856 scribendi
875 1803 948 1854 finem

150 1894 239 1947 facere.
295 1896 344 1946 Sed
367 1899 420 1947 sive
443 1897 550 1947 iucunda
568 1899 731 1947 communium
750 1896 887 1946 studiorum
909 1909 948 1944 re-

151 1987 259 2038 cordatio
283 1989 335 2038 sire
359 1989 495 2052 provectior
518 1989 567 2037 iam
593 1991 660 2036 aetas
686 1985 759 2050 panio
782 1985 947 2048 loquaciorem
988 2049 994 2056 ι

150 2093 190 2128 me
208 2076 277 2136 fecit,
298 2092 405 2142 parvam,
422 2079 471 2128 nisi
491 2075 621 2127 molestum
639 2075 685 2125 tibi
706 2077 760 2134 erit,
784 2077 869 2138 exigui
886 2079 948 2124 tem-

149 2169 216 2234 poris
239 2183 340 2219 usuram
363 2167 395 2217 ad
422 2149 628 2218 confabulandum
656 2170 736 2215 tecum
765 2165 827 2214 mihi
851 2169 947 2229 expeto.
1038 2215 1041 2222 ,

149 2258 220 2310 Iuvat
242 2260 308 2308 enim
331 2259 448 2308 memoria
470 2261 593 2321 repetere,
620 2269 682 2318 quae
706 2253 776 2304 nobis
802 2256 948 2320 optimarum

150 2350 240 2400 artium
258 2347 431 2399 discendarum
458 2345 654 2403 insumimus,
679 2345 722 2408 qui
740 2346 766 2394 in
785 2345 817 2394 iis
835 2359 949 2409 progres-

150 2451 202 2495 sus,
221 2451 283 2500 quae
302 2434 439 2485 studiorum
460 2432 609 2493 adiumenta,
627 2445 690 2495 quae
708 2430 841 2480 eorundem
861 2430 892 2481 ab
905 2447 949 2496 op-

149 2524 218 2574 timis
236 2520 341 2572 ducibus
366 2520 436 2571 nobis
458 2521 588 2584 impetrata
614 2516 793 2582 comprobatio,
818 2531 881 2581 qnae
905 2516 949 2567 de-

149 2610 225 2673 nique
242 2612 342 2674 paratae
363 2622 395 2657 ex
419 2607 452 2656 iis
477 2606 576 2669 utrique
600 2609 709 2655 nostrum
734 2603 866 2668 voluptatis
883 2619 949 2655 com-

149 2697 240 2746 munio.

185 2780 351 2845 Antiquarum
375 2781 451 2844 igitur
475 2779 611 2830 litterarum
636 2793 741 2830 amorem
768 2777 902 2836 staretis,
927 2777 948 2826 si

152 2866 256 2935 puerilis
272 2867 436 2918 institutionis
458 2872 567 2932 tempora
584 2866 743 2932 respicimus,
769 2863 859 2929 cupide
876 2861 949 2913 imbi-
