2208 3402
507 273 555 322 103

259 424 285 465 4.
300 421 341 465 De
353 423 582 475 praeceptoribus
595 425 623 468 et
635 423 789 476 discipulis.

365 514 427 556 Quid
439 515 545 558 numque
558 514 688 550 conveniet.

162 598 196 648 Ut
215 605 401 665 praeceptorum
418 599 528 651 officium
547 604 586 650 est
604 600 705 657 docere,
733 600 770 650 sio
789 597 926 664 discipulo-

125 702 182 739 rum
199 689 316 754 praebere
335 707 362 742 se
379 691 486 750 dociles;
504 691 614 755 alioquin
637 695 752 741 nentrum
770 691 824 739 sine
848 689 925 740 altero

125 779 227 830 sufficit.
506 778 852 842 Qurrrrn.1nsi.0rat.2‚9,3.

162 871 232 922 Idem
251 876 275 922 et
293 871 391 922 docenti
408 877 433 923 et
451 871 557 923 discenti
582 870 655 922 debet
679 887 734 922 esse
763 871 924 936 propositum,

125 967 155 1011 ut
171 961 216 1011 ille
236 961 353 1026 prodesse
374 962 441 1020 velit,
459 962 501 1013 hic
519 962 643 1028 proficere.
664 961 718 1012 Seu.
726 962 806 1026 Epist.
816 964 873 1019 108,
882 963 904 1011 3.

398 1089 433 1124 De
448 1088 648 1130 praeceptoribus.

161 1171 317 1237 Impeliimur
333 1178 421 1222 natura
437 1181 465 1222 nt
482 1171 599 1238 prodesse
624 1171 729 1223 velimus
753 1187 827 1236 quem
843 1172 923 1238 pluri·

125 1264 173 1312 mis
191 1263 362 1327 imprimisque
380 1261 490 1314 docendo
508 1262 693 1327 rationibusque
712 1263 858 1328 prudentiae
873 1267 923 1313 tra·

124 1352 221 1404 dendis.
258 1353 345 1418 Itaque
362 1368 410 1403 non
431 1352 506 1404 facile
523 1365 561 1404 est
579 1355 697 1412 invenire,
720 1356 764 1418 qni
782 1353 847 1418 quod
859 1355 922 1404 sciat

123 1444 179 1507 ipse
198 1457 245 1493 non
270 1444 351 1494 tradat
378 1443 462 1494 elteri:
487 1445 524 1494 ita
551 1460 599 1495 non
625 1444 704 1494 solnm
723 1443 755 1494 ad
774 1443 920 1494 discendum

123 1536 239 1599 propensi
257 1549 349 1594 snmus,
367 1549 452 1586 rerum
472 1537 547 1585 etiam
561 1533 593 1584 ed
612 1535 757 1585 docendum.

578 1625 630 1677 Cre.
643 1625 721 1676 defin.
730 1628 849 1684 3,20,6c.

159 1717 278 1766 Homines
297 1716 357 1766 dnm
374 1716 463 1767 docent
481 1716 586 1768 diseunt.
644 1715 786 1782 Srr.Epist.
795 1720 818 1775 7,
826 1718 849 1766 8.

157 1807 259 1858 Excitat
277 1808 376 1857 auditor
392 1806 510 1858 studium.
547 1805 618 1858 Orrn.
626 1822 658 1856 ex
665 1807 736 1858 Pcnt.
744 1811 768 1867 4,
776 1809 799 1867 2,
807 1811 847 1858 35.

158 1899 259 1962 Magnis
273 1897 472 1963 praeceptoribus
489 1913 551 1964 opus
566 1905 611 1950 est.

382 1987 847 2054 Snr.Exc.Gontr.4‚5p.422ed.Bip.

158 2076 339 2143 Sapientissimi
358 2079 417 2130 artis
440 2093 499 2129 suae
516 2078 668 2144 professores
686 2085 756 2139 sunt,
785 2095 800 2129 a
828 2077 918 2143 quibus

122 2175 146 2220 et
164 2171 263 2234 proprie
289 2169 372 2220 studia
402 2169 539 2220 verecunde
570 2175 595 2220 et
618 2170 700 2220 aliene
722 2169 813 2221 callide
840 2171 917 2220 aesti-

122 2265 225 2310 mentur.
559 2259 654 2313 Vinus.
662 2261 733 2311 ΜΠ.
742 2263 844 2319 8,12,1.

156 2349 225 2410 Quod
253 2365 343 2402 munus
378 2350 531 2416 reipublicae
561 2350 659 2401 adferre
687 2354 768 2402 mains
797 2352 918 2402 meliusve

123 2456 264 2507 possumus,
283 2457 358 2506 quam
376 2443 397 2492 si
415 2441 531 2492 docemus
550 2447 623 2507 atque
651 2443 778 2494 erudimus
803 2445 918 2494 inventu·

121 2529 189 2582 tem‘?
603 2531 846 2592 dodemanni.

155 2621 186 2672 Di
206 2630 389 2688 praeceptorem
407 2627 484 2676 sancti
505 2626 604 2677 voluere
622 2626 731 2690 parentis

153 2713 216 2764 Esse
234 2713 296 2764 loco.
605 2715 686 2767 Iurrr.
697 2714 746 2766 Sat.
755 2717 843 2773 tros.

155 2803 330 2869 Praeceptores
350 2819 407 2857 suos
424 2805 570 2857 adulescens
590 2813 719 2858 veneratur
735 2821 764 2856 ac
784 2807 896 2871 suspicit.

622 2875 676 2927 Sur.
684 2875 812 2940 Epistts,
820 2881 843 2926 4.
