2208 3402
507 285 538 332 91

165 407 267 473 Semper
294 411 406 458 nostrum
430 405 541 456 efficium
567 419 612 454 uos
637 403 720 454 iacere
749 416 855 466 aequom
879 405 923 450 est

377 553 382 560 ,
583 493 845 550 Pmuu.Stieh.l,l‚7

165 588 317 650 Quaeramus
334 588 396 652 quid
414 590 533 652 optimum
552 585 621 637 iaetu
638 587 677 643 sit
700 599 749 634 nou
768 583 830 648 qnid
846 583 925 634 uuita

129 681 261 732 tissimum.
572 675 850 732 Suu.devit.beat.2‚2.

164 773 267 821 Bonitas
276 785 325 820 nou
335 774 372 819 est
382 770 497 833 pessimis
506 783 562 820 ense
570 767 704 817 meliorem.
716 765 770 816 Sur.
778 764 825 829 Ep.
834 767 874 821 79,
884 767 923 813 11.

165 862 241 913 Nuiia
258 866 296 912 est
314 859 370 910 laus
387 859 423 910 ibi
440 873 495 909 esse
514 861 647 923 integrum,
666 857 710 908 ubi
728 871 799 906 nemo
815 861 860 912 eet,
879 855 923 918 qui

132 957 176 1005 aut
194 953 272 1018 possit
281 956 324 1002 aut
336 955 438 1002 eouetur
447 963 611 1013 eorrumpere.
625 947 922 1004 Ore.inVerr.1‚16‚46.

166 1043 196 1094 In
213 1045 279 1093 omni
298 1043 348 1093 rita
367 1057 412 1091 sua
432 1055 555 1104 quemque
573 1057 588 1089 a
604 1045 672 1088 reeta
683 1039 834 1088 eenseieiitia
844 1041 924 1087 traus-

130 1149 229 1188 versum
251 1147 360 1196 unguem
391 1146 439 1180 nou
464 1134 559 1195 oportet
589 1129 725 1179 discedere.

571 1219 624 1270 Cre.
631 1218 722 1270 annet.
732 1223 770 1278 13,
778 1221 819 1276 20,
829 1221 854 1268 4.

167 1317 235 1366 Laus
253 1329 301 1364 nou
320 1314 400 1364 estin
423 1310 502 1367 faeto,
529 1311 573 1360 sed
598 1312 624 1360 in
650 1326 692 1368 eo,
718 1310 925 1374 quemadmodum

129 1406 180 1458 fiat.
616 1401 855 1466 Suu.Epist.95‚40.

166 1497 251 1548 Timor
273 1509 322 1545 uon
349 1499 387 1544 est
414 1493 547 1543 diuturnus
573 1493 692 1556 magister
716 1491 800 1542 offleii.

599 1581 651 1633 Ore.
658 1582 724 1633 Phil.
733 1586 756 1641 2,
764 1586 804 1640 36.
814 1585 855 1633 90.

167 1676 278 1728 Iufidelis
295 1677 358 1726 recti
374 1677 493 1738 magister
511 1679 548 1724 est
566 1677 654 1724 metus,
672 1674 890 1738 Pum.Paueg.45.

167 1767 239 1818 Malo
257 1773 356 1818 coaetus
375 1767 423 1830 quir
434 1779 507 1816 suum
530 1764 640 1815 officium
658 1763 727 1821 feeit,

166 1859 232 1908 Dum
250 1858 277 1907 id
293 1858 411 1906 rescitum
428 1857 460 1905 iri
479 1856 566 1913 eredit,
586 1857 706 1920 tantisper
723 1858 807 1915 earet,

169 1948 195 2000 Si
213 1953 296 2013 sperat
314 1945 368 1998 iore
384 1945 457 2004 elam,
475 1960 562 1995 rursus
580 1946 612 1995 ed
628 1947 755 2010 ingenium
784 1945 856 1995 redit.

588 2036 695 2084 Turnum.
702 2036 780 2085 Andr.
790 2039 812 2094 1,
822 2039 843 2092 1,
851 2038 892 2084 44.

167 2130 278 2180 Multum
307 2130 417 2185 interest,
444 2131 528 2177 utrum
562 2141 668 2191 peecare
693 2125 785 2190 aliquis
809 2125 871 2176 nolit
896 2141 928 2175 au

132 2221 234 2270 neseiat.
617 2215 856 2280 Sur.Epist.90,46.

387 2338 414 2383 8.
428 2336 505 2388 Quid
518 2337 556 2381 sn
568 2337 674 2382 vitium.

170 2427 243 2480 Omni
259 2430 346 2480 virtuti
364 2430 453 2480 vitium
469 2429 592 2478 contrario
610 2429 707 2478 nomine
726 2429 866 2492 opponitur.

590 2495 858 2556 Gre.defin.3‚12‚40.

168 2589 279 2640 Virtutis
296 2588 421 2638 eontraria
437 2593 475 2638 eat
492 2589 621 2639 vitiositas.
659 2586 712 2638 Orc.
721 2587 794 2638 Tuae.
803 2591 827 2646 4,
838 2590 878 2646 15,
887 2589 927 2637 34.

134 2709 162 2754 9.
176 2707 258 2752 Vitia
276 2710 345 2750 aunt
358 2707 480 2752 euiuevia
497 2707 609 2760 umus,
630 2707 757 2751 omnium
771 2707 928 2753 hominum.

94 2863 98 2870 Ι
168 2799 255 2856 Erras,
284 2798 306 2846 si
327 2797 455 2847 existimas
472 2801 552 2865 nentri
569 2797 661 2848 saeculi
679 2812 733 2848 esse
751 2798 838 2849 uitium
852 2796 928 2847 luxu-

134 2890 197 2940 riam
216 2895 240 2940 et
258 2886 440 2952 neglegentiam
458 2887 516 2938 boui
535 2889 610 2938 morie
631 2897 656 2937 et
675 2887 737 2945 alia,
756 2883 819 2952 quae
836 2886 928 2938 obiecit
