2174 3400
479 267 526 314 157

142 383 184 435 Sio
199 385 318 437 invidiam
336 385 447 450 effugies,
469 387 491 436 si
509 390 533 437 to
550 403 598 436 non
615 389 749 452 ingesseris
768 387 855 448 oeulis,
878 391 901 439 si

102 473 171 524 bona
187 482 230 525 tna
247 489 295 526 non
314 477 451 535 iactaveris,
470 478 492 527 si
515 479 602 528 scieris
621 479 648 526 in
671 479 729 597 είηέϊ
747 478 864 542 gaudere.

652 550 705 597 [ni
723 586 729 598 .
739 551 797 607 105,
807 552 830 598 3.

140 636 210 686 Nulli
226 637 332 688 celerius
356 637 466 688 hominos
494 637 604 688 innidere
634 638 725 688 debent
753 641 780 689 in
808 639 899 690 malam

102 725 236 786 fortunam,
253 742 326 792 quam
342 729 385 791 qui
401 727 506 777 alienam
524 730 708 793 concupiscunt.
726 729 832 780 Pnnaon.
841 733 898 781 140.

185 853 220 888 De
232 853 343 894 mperbns
355 853 378 888 et
391 853 459 888 tuan.
485 854 519 888 De
532 854 665 896 contemptu
677 854 740 896 apud
753 855 818 892 allon.

139 935 256 1000 [nquinat
273 939 385 1000 egregios
404 937 520 987 adiuncta
537 937 654 1002 superbia
670 953 757 988 mores,

353 1004 485 1056 Ononnn
491 1009 517 1056 no
523 1007 565 1059 IV.
573 1007 666 1058 consul.
673 1008 763 1058 Honor.
772 1011 829 1058 305.

142 1095 205 1146 Cum
217 1099 295 1146 omnis
302 1099 440 1160 arrogantia
451 1098 537 1148 odiosa
548 1103 593 1156 est,
607 1103 659 1148 tum
670 1097 715 1148 illa
720 1099 815 1162 ingenii
827 1108 901 1164 atquo

106 1187 262 1251 eloquentiae
276 1189 352 1238 multo
370 1187 551 1238 molestissima.
563 1187 614 1238 Clo.
622 1191 648 1238 in
654 1187 744 1240 Caeoil.
752 1189 801 1241 div.
810 1193 849 1248 11,
857 1193 897 1241 36.

142 1278 219 1328 Nemo
238 1277 269 1328 ab
287 1279 344 1329 aliis
361 1280 532 1338 contomnitun
551 1280 601 1330 nisi
612 1295 627 1328 a
639 1295 665 1329 se
678 1283 735 1329 ante
746 1283 900 1344 contemptus

107 1374 152 1421 est.
478 1368 532 1418 sno.
540 1369 630 1419 consol.
638 1369 670 1419 ad
678 1369 749 1421 Helv.
760 1373 800 1430 13,
808 1373 831 1420 6.

142 1462 206 1512 Nom
227 1461 306 1511 ullum
325 1461 474 1526 supplicium
493 1461 593 1523 gravius
611 1467 684 1524 putas
704 1458 804 1524 pubh'oo
822 1459 899 1511 odio?

555 1529 649 1580 Sande
659 1529 713 1580 bon.
722 1533 794 1588 3‚17‚
808 1533 830 1580 1.

194 1651 220 1694 6.
234 1650 275 1694 De
288 1651 428 1702 suspicaci
441 1650 545 1694 animo.
571 1650 613 1693 De
625 1649 808 1702 malignitate.

141 1742 188 1792 Est
204 1741 262 1791 boni
280 1743 327 1792 viri
344 1756 392 1791 non
410 1741 489 1791 solum
514 1741 544 1791 ab
566 1740 648 1804 aliquo
672 1740 767 1791 adlatas
784 1741 900 1790 crimina·

107 1834 186 1882 tiones
201 1831 330 1896 repellero,
349 1831 393 1882 sod
410 1847 441 1881 ne
461 1835 543 1897 ipsum
552 1831 652 1894 quidem
662 1845 717 1882 esse
727 1831 899 1895 suspiciosum.

602 1899 652 1950 010.
662 1899 728 1950 Lael.
742 1902 781 1958 18,
789 1902 830 1950 65.

142 1991 175 2041 Ut
196 1993 301 2056 quisque
319 1996 357 2041 est
383 1993 421 2042 vir
445 1993 565 2056 optineo,
593 1993 629 2041 ita
658 1988 807 2040 difficillime
836 1987 900 2039 alios

107 2081 230 2146 improbos
249 2083 395 2146 suspicatur.
455 2081 505 2132 010.
514 2081 546 2131 ad
555 2081 635 2140 Quint.
645 2081 721 2131 Fratr.
732 2083 816 2140 1‚1‚4‚
826 2079 865 2129 12.

141 2173 191 2222 Nos
209 2174 235 2222 in
253 2174 340 2222 vitium
351 2172 452 2222 credula
463 2171 534 2222 turba
546 2187 637 2222 sumus,
657 2169 727 2222 0v1n.
735 2169 800 2220 Fast.
809 2171 899 2228 4‚312.

141 2263 260 2326 Reperies
280 2265 323 2327 qui
340 2261 370 2312 ob
388 2261 577 2312 similitudinem
597 2276 692 2311 morum
718 2259 801 2311 aliena
821 2259 899 2310 male-

107 2351 172 2402 facta
191 2353 239 2403 sibi
259 2353 377 2404 obiectari
396 2358 491 2420 putent.
591 2353 677 2402 Tnc1n.
685 2351 749 2402 Ann.
758 2355 781 2409 4,
790 2353 830 2400 33.

143 2441 261 2494 Conscius
267 2445 320 2510 ipse
327 2443 377 2494 sibi
382 2444 413 2494 do
419 2459 446 2494 ee
451 2447 522 2508 putat
527 2445 609 2493 omnia
614 2443 672 2493 diei.
680 2440 738 2492 Gon.
746 2439 851 2491 Distioh.
861 2443 900 2490 17.

143 2525 240 2587 Omnes,
259 2529 350 2594 quibus
369 2545 410 2582 nos
427 2539 484 2581 sunt
503 2531 585 2579 minus
603 2527 734 2586 secundae,
752 2525 832 2590 magis
844 2529 902 2577 sunt

537 2617 620 2666 neseio
640 2613 762 2679 quomodo

143 2699 292 2766 Suspiciosi3
310 2701 343 2752 ad
361 2701 535 2753 oontnmoliam
554 2702 636 2751 omnia
659 2699 784 2766 aooipiunt
807 2700 902 2764 magis3

141 2787 247 2853 Propter
265 2801 335 2839 suam
352 2789 523 2855 impotentiam
540 2801 567 2838 se
581 2797 678 2852 sempor
692 2783 797 2836 eredunt
809 2783 899 2846 ludier,

496 2857 603 2909 hanun.
609 2854 718 2921 Adelph.
726 2858 750 2914 4,
758 2858 781 2914 3,
791 2857 830 2905 14.

888 2771 1001 2890 ,Θ
