2212 3406
488 286 539 321 XXV

110 375 149 426 ad
166 375 301 427 litterarum
325 378 464 440 artiumque
486 374 569 426 studia
590 377 718 440 pertinent.
757 374 813 424 Fuit
837 375 914 438 igitur

112 463 262 530 Augustus,
281 468 324 530 qui
342 469 409 516 arcto
427 465 525 516 viuculo
543 465 632 515 Musas
652 469 676 515 et
695 465 791 514 Gratias
814 465 840 514 in
862 467 914 515 tota

110 558 165 608 vita
185 558 337 607 consociatas
356 571 412 607 esse
431 556 521 614 voluit,
548 555 685 606 litterarum
708 562 733 604 et
757 556 846 604 artium
865 569 913 605 non

110 645 196 698 fautor
212 651 306 696 tuntum
324 651 348 696 et
358 651 484 712 patronus,
502 645 547 696 scd
566 644 807 708 intelligentissimus
820 651 844 694 et
854 660 912 695 acu-

110 739 228 788 tissimus
246 737 331 788 iudex.
364 737 425 787 Erat
442 739 468 786 in
487 751 515 788 eo
537 734 670 799 singularis
698 737 792 798 ingenii
816 737 912 801 perspi·

109 829 216 885 cacitas
235 825 335 877 exculta
352 827 441 877 iudicii
458 825 589 890 elegantia,
608 840 696 889 magna
714 825 852 875 studiorum
870 841 912 876 va-

110 919 199 976 riatas,
217 917 284 967 haud
298 917 407 982 vulgetis
426 916 552 967 doetrinae
570 917 648 980 copia,
667 922 781 966 accurata
798 918 912 982 inprimis

111 1008 234 1058 historiae
258 1007 393 1058 litterariae
417 1009 533 1065 scientia,
551 1021 614 1071 quae
633 1010 701 1056 tanta
719 1005 775 1064 luit,
797 1013 836 1063 ut,
856 1021 912 1056 cum

111 1097 147 1150 de
167 1113 194 1149 re
216 1098 323 1162 quadam
341 1113 369 1148 oo
387 1103 514 1163 spectante
531 1095 674 1155 dissereret,
692 1095 730 1147 vel
749 1099 797 1154 iis,
825 1099 867 1160 qui
884 1099 911 1147 iu

109 1204 142 1240 eo
158 1189 296 1239 litterarum
313 1201 402 1253 genere
420 1188 573 1245 habitarent,
597 1189 688 1238 iustam
713 1189 752 1238 sui
769 1187 912 1238 admiratio-

109 1295 170 1330 nem
188 1281 299 1329 iuiceret.
335 1278 436 1342 Insigne
457 1283 507 1328 tam
530 1282 656 1342 promptae
678 1277 804 1328 doctrinae
827 1264 930 1328 exem-'

109 1369 191 1436 plum,
209 1369 275 1433 quod
295 1368 343 1419 tibi
359 1383 456 1433 quoque
475 1373 634 1433 compertum,
659 1369 812 1433 exprompsit
834 1367 912 1418 Eich-

109 1460 211 1511 stadlus
229 1461 256 1509 in
276 1475 304 1509 oo
320 1457 413 1518 libello,
430 1474 478 1523 quo
497 1459 607 1524 Augusti
626 1457 697 1509 ducis
715 1458 802 1508 laudes
821 1458 853 1508 ad
865 1459 912 1508 im·

110 1550 271 1601 mortalitatis
289 1552 431 1600 memoriam
448 1551 608 1600 consecravit.
644 1548 708 1608 Quid
721 1562 775 1599 vero
794 1547 848 1606 tibi,
865 1547 912 1599 Ga-

110 1640 179 1699 role,
202 1639 306 1690 referam
324 1647 348 1690 et
372 1639 578 1690 adscribendum
603 1656 630 1690 se
655 1639 757 1690 dedisse
780 1638 869 1688 ducem
888 1643 912 1688 et

111 1747 157 1782 eos
177 1731 272 1794 ingenii
290 1728 371 1780 foetus
385 1729 503 1787 edidisse,
521 1731 564 1793 qui
580 1731 727 1780 inventionis
747 1727 828 1787 laudo,
845 1743 911 1779 com-

111 1821 246 1887 positionis
265 1827 324 1876 arte,
342 1819 450 1884 tingendi
464 1820 572 1871 audacia
589 1819 652 1870 nulli
670 1820 766 1876 cedant,
785 1818 853 1882 quid,
872 1820 912 1869 in-

110 1925 203 1975 quam,
225 1909 271 1960 tibi
290 1910 409 1967 referam,
428 1912 498 1961 cuius
517 1911 674 1975 potissimum
692 1923 780 1975 opera,
805 1910 827 1958 sl
850 1909 912 1972 quid

113 2003 236 2052 extremis
255 2003 325 2050 annis
345 2003 467 2066 scriptura
484 2006 659 2065 persecuturos
685 2005 749 2057 erat,
773 2013 833 2050 usus
860 1997 911 2049 sit‘l

114 2092 183 2142 Tute
201 2093 278 2156 igitur
296 2093 386 2156 optime
404 2093 462 2149 sois
484 2105 653 2155 quamverum
671 2089 743 2141 modo
760 2090 792 2140 de
803 2089 913 2154 Augusti

114 2183 217 2247 scriptis
234 2180 355 2232 iudicium
373 2181 594 2246 pronuntiaverim
619 2180 664 2232 sed
681 2185 792 2245 posteros
808 2195 913 2245 quoque,

114 2275 139 2324 si
159 2274 203 2336 qui
221 2271 297 2323 velint
315 2271 433 2330 iudicare,
452 2276 528 2321 testes
548 2287 604 2321 esse
625 2270 689 2321 volo:
709 2285 765 2320 uam
782 2270 913 2322 duodecim

116 2362 242 2414 volumina
260 2367 373 2413 accurate
390 2363 534 2428 perscripta,
552 2361 643 2426 quibus
661 2362 756 2426 ingenii
774 2374 848 2426 opera
858 2359 912 2412 Au-

114 2455 185 2518 gusti
203 2452 275 2503 ducis
299 2452 406 2503 nondum
428 2452 495 2503 edita
522 2453 690 2508 continentur,
713 2453 740 2501 in
764 2451 914 2502 bibliotheca

115 2539 218 2606 publico
235 2541 343 2604 reposita
360 2525 416 2590 esse
432 2540 519 2590 sciant.
552 2537 633 2588 Unum
651 2543 745 2588 tentum
764 2536 876 2588 fibellum
886 2538 913 2588 in

116 2624 207 2690 uulgus
225 2624 267 2676 edi
287 2625 376 2684 voluit,
395 2627 439 2690 qui
458 2623 568 2689 Cyllenii
591 2625 689 2674 nomine
713 2625 847 2688 inscriptus
867 2627 912 2682 est,

115 2711 149 2763 de
167 2726 216 2776 quo
228 2711 391 2762 Eiohstadius
410 2717 435 2763 et
454 2710 581 2763 Iocobsius
597 2709 745 2769 retulerunt3
765 2708 875 2766 alterius,
886 2710 913 2758 in

117 2813 165 2862 quo
178 2795 308 2848 scribendo
327 2802 352 2849 ot
369 2797 464 2849 edendo
481 2803 505 2849 te
519 2797 656 2848 adiutorem
673 2793 794 2851 adhibuit,
813 2795 912 2858 paucis-

116 2886 181 2936 sima
198 2883 365 2949 exemplaria,
390 2899 453 2948 quoe
471 2885 557 2934 amicis
572 2882 635 2932 dono
654 2881 736 2938 daret,
763 2881 831 2945 typis
855 2885 913 2930 sunt
