2208 3402
499 279 547 326 111

159 397 238 448 Totus
256 396 308 448 fere
328 397 434 448 mundus
452 399 552 450 videtur
563 402 664 448 mimum
675 400 787 465 implere.
794 401 871 451 Peru.
886 401 919 453 ib.

158 487 375 554 [Massiliensium]
393 491 481 542 civitas
499 491 637 540 severitatis
653 497 736 542 custos
754 494 922 568 acerrimuesfx
970 482 987 560 ζ

119 577 220 628 nullum
237 579 333 630 editum
351 581 377 630 in
395 594 493 630 scenam
510 582 593 630 mimis
609 581 699 640 dendo,
721 597 825 647 quorum
846 597 919 648 ergu-

120 674 205 720 menta
217 672 310 720 maiore
329 685 361 720 ex
376 676 446 734 porte
466 675 607 736 stuprorum
626 674 750 723 continent
778 678 860 732 octus,
887 689 918 725 ne

121 758 181 812 talis
200 760 327 826 spectandi
345 761 499 812 consuetudo
518 763 593 812 etiem
611 764 725 813 imitandi
740 763 864 815 licentiam
876 779 918 815 su-

120 855 181 925 met.
580 853 673 904 Visun.
681 855 752 904 Mnx.
761 856 783 913 2,
792 859 814 912 6,
824 859 846 904 7.

337 972 362 1016 8.
377 973 584 1018 nemetensem
597 974 706 1019 studiis.

224 1062 364 1098 mictum
376 1063 478 1100 studium
494 1064 524 1100 od
536 1065 701 1100 inmunitatem
713 1066 811 1101 confert.

154 1147 232 1197 Nemo
250 1146 311 1197 adeo
327 1146 397 1198 ierus
416 1153 461 1206 est,
478 1153 506 1198 ut
526 1163 575 1198 nou
592 1149 722 1200 mitescere
738 1151 823 1214 possit,

156 1235 184 1286 Si
201 1236 273 1288 modo
288 1237 401 1290 culturae
418 1240 553 1303 potientem
573 1239 710 1290 commodet
727 1254 818 1291 eurem.

585 1330 648 1380 Hos.
655 1330 735 1396 Epist.
745 1333 846 1389 1,1,39.

157 1417 191 1469 Ut
210 1434 271 1484 eger
302 1421 414 1485 quumvis
440 1419 532 1472 fertilis
565 1423 619 1472 sine
649 1421 746 1472 cultura
775 1420 917 1474 fructuosus

122 1523 175 1560 esse
200 1525 249 1561 non
272 1517 360 1577 potest,
387 1513 499 1564 sicsine
526 1513 637 1563 doctrina
662 1515 766 1564 enimus,

596 1601 649 1655 Cio.
658 1603 732 1654 Tusc.
741 1606 764 1662 2,
772 1607 795 1662 5,
806 1607 844 1656 18.

155 1692 274 1743 Doctrina
298 1722 332 1730 -
352 1694 402 1745 vim
421 1698 546 1759 promovet
559 1695 659 1744 insitum

154 1782 276 1848 Rectique
294 1783 378 1834 cultus
394 1788 499 1848 pectore·
510 1783 631 1834 roborent.
650 1784 879 1845 Hos.0d.4,4,83.

155 1873 260 1925 Artibus
278 1875 392 1939 ingenuis
409 1912 672 1925 ...........

113 2023 118 2036 .
189 1963 294 2016 Pectore
313 1965 460 2016 mollescunt
478 1967 647 2032 asperitasque
666 1965 738 2030 fugit.

563 2053 633 2106 Ovm.
640 2072 672 2106 ex
679 2055 749 2107 Pont.
759 2060 780 2115 1,
789 2060 812 2116 6,
819 2059 842 2108 8.

223 2145 345 2209 ingenuas
362 2144 481 2196 didicisse
498 2145 606 2196 fideliter
623 2151 688 2196 entes

188 2234 292 2286 Emollit
305 2249 384 2286 mores
404 2251 450 2286 uec
474 2237 533 2286 sinit
551 2252 605 2292 esse
624 2235 698 2288 feros.
726 2237 912 2296 [dionem.

285 2361 424 2398 Littamum
436 2362 513 2398 nouum
525 2363 629 2399 homine·
641 2364 745 2408 luanus.

156 2443 256 2497 Scilicet
277 2447 385 2509 ingeniis
404 2446 488 2511 alique
505 2452 543 2498 est
561 2447 692 2498 concordia
712 2449 812 2499 iunctis.

99 2543 102 2555 '
189 2535 223 2586 Et
240 2541 321 2587 servet
346 2535 423 2588 studii
454 2536 555 2588 foedere
585 2539 691 2603 quisque
716 2540 763 2589 sui.

547 2625 843 2688 Oum.exPont.2‚5‚59,

155 2715 273 2782 cognatio
291 2717 427 2769 studiorum
445 2721 470 2768 et
497 2721 586 2769 artium
610 2719 785 2784 propemodum
801 2735 848 2770 non
866 2723 912 2772 mi·

123 2823 167 2860 uus
187 2814 224 2861 est
242 2809 371 2860 coniuncta
394 2823 468 2874 quom
491 2811 590 2874 generis
614 2814 638 2861 et
664 2811 776 2862 nominis.

550 2878 840 2938 Gic.inVerr.4,37‚81.
