2212 3406
564 283 618 320 m

192 380 217 427 et
235 373 444 426 tuumconsilinm
462 376 592 438 exquirere
609 375 681 437 eique
691 372 865 438 obtemperare,
885 371 943 422 licet
960 377 992 422 tu

193 468 249 531 ipse
267 481 314 515 non
332 480 391 530 prae
409 469 433 514 te
452 463 526 522 feras,
548 468 699 528 compertum
717 463 802 514 habeo.

228 555 278 608 Sed
294 555 350 606 nolo
357 569 476 620 occupare
493 571 530 614 ea,
545 569 618 618 quae,
634 554 700 618 quod
710 559 766 619 post
777 559 833 604 sunt
844 551 917 612 facta,
940 569 990 604 nou

193 651 260 698 reete
278 649 385 712 priorem
401 648 428 695 in
446 645 567 695 narrando
584 643 676 694 habeut
693 643 781 695 locum.
818 643 902 694 Redeo
919 643 990 695 illuc.

228 736 290 789 (lum
306 737 420 802 plurimis
437 737 520 799 iisque
536 734 690 800 periculosae
708 734 776 784 aleae
791 733 871 800 plenis
883 737 991 799 negotiis

192 827 329 894 implicitus
354 829 420 877 omui
438 831 547 890 tempore
566 824 659 876 fuisses
677 840 723 875 uec
740 839 848 890 unquam
868 825 915 876 tibi
932 839 991 891 par-

193 933 276 977 ceres,
300 918 360 968 dum
384 917 428 967 alii
451 919 478 966 in
501 916 574 966 rebus
592 915 707 980 gerendis
728 918 809 966 miuus
830 931 898 967 acres
915 921 992 981 atque

192 1009 324 1067 industrii,
347 1013 374 1058 ut
401 1006 453 1058 fere
478 1006 540 1057 solet
557 1006 625 1064 fieri,
649 1007 752 1057 honores
771 1012 844 1070 atque
863 1006 993 1058 commoda

193 1099 402 1165 adipiscerentur,
425 1112 556 1156 moneam,
575 1111 649 1160 quam
667 1097 788 1156 debebas,
805 1099 832 1148 in
849 1096 993 1148 valetudine

193 1189 285 1240 tuenda
305 1187 441 1240 adhibebas
462 1202 552 1238 curam.
590 1188 644 1238 Non
661 1189 750 1238 mirum
761 1189 845 1252 igitur,
862 1187 991 1252 quodma-

194 1280 253 1340 lum,
273 1281 343 1330 cuius
363 1293 449 1330 causas
466 1292 514 1328 non
534 1277 646 1338 tollebas,
664 1277 739 1329 latius
755 1281 782 1328 in
801 1279 855 1328 dies
868 1277 989 1344 serpebat.

193 1372 327 1422 Nerrorum
350 1371 477 1427 remissio,
499 1383 572 1433 quam
594 1369 669 1419 hodie
683 1369 783 1427 dieunt,
807 1369 921 1419 iamdiu
936 1383 990 1420 cor-

192 1475 239 1527 pus
263 1459 469 1518 labefactaverat,
495 1459 539 1509 sed
567 1461 751 1524 ingravescente
774 1459 838 1510 malo
864 1465 920 1510 ante
945 1460 991 1512 hos

193 1553 279 1602 decem
302 1556 326 1600 et
349 1554 398 1600 tres
423 1565 497 1600 annos
518 1551 545 1599 in
562 1551 627 1600 ritae
644 1549 777 1600 discrimen
795 1549 917 1600 adductus
935 1565 990 1602 esse

192 1641 323 1693 videbaris.
360 1639 527 1691 Conveneraut
544 1655 572 1690 eo
591 1655 653 1690 anno
669 1639 850 1704 Altenbnrgum
867 1641 990 1692 honestis·

193 1734 251 1782 simi
272 1732 399 1790 homines,
424 1733 467 1794 qui
491 1733 527 1780 rei
545 1733 652 1782 misticae
668 1736 693 1781 et
711 1731 842 1782 saltuariae
860 1734 990 1784 scientiam
1088 1749 1089 1766 ²

192 1822 336 1888 profitentur
358 1821 510 1886 eandemque
530 1823 556 1872 in
571 1835 621 1872 usu
635 1819 733 1872 habeut.
770 1821 921 1887 Splendidus
938 1828 991 1874 erat
1088 1851 1089 1898 3

194 1925 278 1964 eorum
303 1926 433 1962 consessus
460 1915 485 1962 et
506 1911 680 1977 plurimom
703 1914 746 1976 qui
770 1927 802 1962 ex
819 1913 991 1966 remotioribus

193 2004 268 2054 etiam
305 2002 445 2066 regionibus
478 2002 639 2061 advenerant,
674 2000 814 2066 frequentia
844 2003 990 2065 celebratus,

193 2091 428 2157 Altenburgensium
458 2097 553 2152 autem,
584 2094 628 2157 qui
650 2093 697 2142 hac
720 2091 794 2142 laude
820 2108 917 2159 semper
939 2095 991 2146 ola·
1088 2127 1089 2140 t

192 2185 288 2234 rissimi
324 2185 471 2243 extiterunt,
512 2184 623 2249 hospites
657 2182 724 2232 laute
757 2189 830 2248 atque
861 2185 993 2248 magnifiee

193 2272 260 2337 apud
281 2287 308 2322 se
334 2273 476 2339 excipiendi
498 2272 646 2324 incredibile
670 2273 787 2324 studium.
825 2275 864 2324 Tu
882 2277 992 2325 omnium
1088 2291 1089 2340 j

195 2361 319 2426 suffragiis
344 2363 558 2428 congressionibus
581 2377 697 2430 praeesse
716 2365 801 2414 iussus
828 2379 882 2414 eam
899 2365 931 2416 de
949 2366 992 2417 his
1088 2345 1089 2384 ³

194 2453 267 2504 rebus
285 2455 312 2503 in
329 2455 463 2504 contrarias
479 2459 561 2518 partes
579 2453 723 2518 disputandi
737 2453 900 2506 subtilitatem
917 2459 992 2521 atque

194 2537 369 2590 dexteritatem
387 2539 526 2598 ostendisti,
544 2553 598 2589 eam
616 2541 684 2599 artis,
702 2555 776 2606 quam
793 2555 918 2606 nunquam
934 2547 991 2593 ante

195 2627 321 2689 attigeras,
341 2624 476 2690 probavisti
495 2627 636 2686 scientiam,
662 2631 689 2678 ut
708 2629 735 2678 in
752 2643 780 2678 eo
799 2643 888 2693 genere
905 2633 930 2679 te
946 2629 991 2680 ha-

195 2710 274 2762 bitare
302 2711 436 2762 crederent.
479 2710 715 2778 Alteuburgensium
742 2713 828 2766 laudes
851 2717 941 2766 mirum
964 2717 991 2766 iu

194 2797 295 2848 modum
313 2796 344 2848 ab
357 2797 470 2849 omnibns
489 2798 636 2864 praedicari,
653 2805 722 2850 tuum
734 2815 823 2851 nomen
840 2801 934 2852 clarum
945 2802 990 2852 ha-

193 2883 255 2936 beri.
292 2883 341 2936 Sed
361 2886 384 2936 si
401 2885 463 2950 quid
480 2885 540 2937 inde
557 2886 656 2938 honoris
674 2891 841 2938 omamautum
858 2887 890 2938 ad
908 2893 933 2938 te
949 2903 990 2940 ac·
