2208 3402
555 247 586 294 66

412 395 453 440 12.
467 395 508 440 De
520 395 608 440 nimia
621 395 733 440 fiducia.

209 489 292 539 Nimia
309 487 400 539 fiducia
417 501 520 552 magnae
538 487 674 537 calamitati
689 486 752 536 sciet
769 501 831 537 esse.

644 576 747 627 (ioanni.
754 577 840 642 Pelcp.
849 581 872 634 3,
879 580 901 626 1.

449 698 489 742 13.
503 698 544 742 De
556 697 697 750 patientia.

209 790 341 857 Speremus
360 805 423 855 qnae
440 789 560 848 velumus,
580 789 625 840 sed
639 788 705 853 quod
720 787 839 840 acciderit
854 786 976 840 feramus.

610 879 662 930 010.
672 894 716 946 pro
723 879 786 931 Sest.
794 881 835 938 68,
843 882 900 929 153.

210 970 336 1038 Optimum
355 976 393 1023 est
409 973 463 1037 pati
481 971 548 1036 qnod
569 971 699 1022 emendare
718 985 767 1020 non
784 972 872 1036 possis.

658 1061 897 1126 accepiatione.

210 1153 349 1205 Praeterita
369 1158 464 1204 mutare
480 1169 529 1204 non
546 1167 685 1218 possumus.
728 1151 871 1203 OminPis
880 1155 921 1210 25,
929 1155 974 1202 59.

206 1245 289 1295 Unum
307 1249 345 1296 est
363 1244 528 1296 levamentum
545 1244 666 1294 malcmm
683 1245 736 1310 pati
765 1247 790 1294 et
815 1245 973 1296 necessitati-

173 1334 221 1386 bus
240 1337 292 1386 suis
309 1335 419 1400 obsequi.
649 1335 704 1386 Sus.
711 1336 786 1387 deira
793 1339 815 1394 3,
825 1339 864 1393 16,
874 1340 896 1385 1.

619 1425 715 1478 Gaudet
730 1428 851 1491 patientia
866 1426 949 1476 duna:

206 1515 310 1567 Laetius
325 1521 370 1574 est,
390 1519 504 1582 quotiens
521 1531 610 1580 magno
633 1517 682 1567 sibi
699 1520 794 1568 constat
811 1517 949 1567 honestum.

613 1607 895 1665 Luam.Phars.9‚403.

206 1697 332 1748 Patientia
350 1699 437 1761 quaeri
455 1697 529 1748 debet
548 1697 615 1761 quod
630 1701 711 1761 gratia
727 1699 855 1762 impetrari
873 1699 967 1761 nequit.

551 1787 896 1853 Vunnn.Mnx.7‚5pnocem.

314 1910 355 1952 14.
368 1911 409 1954 De
422 1909 587 1953 constantia.
611 1909 653 1952 De
669 1908 829 1960 pertinacia.

204 2001 274 2052 Nihil
295 2008 340 2060 est,
360 2000 425 2066 quod
445 2005 495 2050 tam
520 1999 614 2057 deceat,
634 2014 708 2064 quem
729 1999 755 2048 in
780 2001 846 2048 omni
871 2014 898 2049 re
921 2014 966 2063 ge-

168 2091 246 2144 renda
267 2092 420 2156 consilioque
439 2090 558 2156 capienda
576 2104 674 2141 servare
697 2090 867 2140 constantiam.

607 2179 892 2238 0111111131115.

203 2273 345 2323 Pertinacia
361 2271 565 2336 impedimentum
582 2287 653 2322 omne
676 2271 827 2323 transcendit
844 2271 965 2323 ostendit-

170 2377 219 2427 que
237 2362 301 2412 nihil
317 2378 372 2413 esse
391 2360 507 2421 difficile,
532 2365 603 2414 cuius
628 2363 751 2428 sibiipsa
775 2378 844 2414 mens
867 2365 964 2428 petien-

110 2443 113 2451 ’
167 2453 228 2504 tiam
243 2453 371 2504 indiceret.
643 2453 697 2504 Suu.
706 2453 781 2504 deira
788 2456 811 2512 2,
821 2456 891 2512 125.
1019 2439 1022 2442 ¹

203 2543 281 2597 Cuius
299 2545 336 2595 rei
354 2548 455 2595 eventus
476 2545 584 2594 incertus
603 2544 690 2602 estid
707 2548 735 2594 ut
754 2545 887 2610 aliqnando
905 2559 963 2610 pno-

168 2635 240 2688 cedat
259 2651 332 2701 saepe
350 2634 521 2699 temptandum
537 2639 581 2686 est.
668 2634 890 2700 Sau.Epiat.8l‚2.

169 2757 210 2802 15.
223 2757 265 2800 De
277 2765 352 2800 nova
364 2754 554 2808 cognoscendi
565 2754 724 2808 cupiditate.
737 2757 778 2800 De
790 2756 960 2803 curiositate.

201 2846 283 2898 Aunes
300 2847 426 2898 hominum
445 2848 553 2897 novitate
571 2846 701 2897 laetantur.
720 2846 789 2896 Pam.
796 2847 843 2912 Ep.
851 2849 874 2906 8,
884 2850 923 2898 18.
