2208 3402
560 289 609 336 110

185 412 277 462 tatione
293 409 339 460 has
356 407 530 474 praeferebant
547 421 628 472 opum,
647 406 849 457 inmortalitatem
870 403 918 455 sibi
936 418 987 468 per

185 501 244 551 illas
260 501 387 565 prorogari
410 497 565 550 arbitrantes.
597 497 665 548 Pars.
673 497 728 547 Nat.
736 496 802 547 Hist.
812 498 945 554 14‚1.1‚4.

498 625 532 659 De
548 623 656 666 spinaira.

220 711 261 763 Ad
277 713 377 762 inventa
393 712 488 767 animo,
516 711 633 773 percepta
659 707 772 758 sensibus
790 705 909 757 adhibitis
928 707 985 771 opi-

185 802 260 854 ficum
277 801 391 852 manibus
410 802 490 852 omnia
508 801 634 851 consecuti
654 813 747 857 sumus,
762 803 790 848 ut
807 798 874 855 tecti,
894 801 922 846 ut
939 811 984 847 ve-

184 894 244 952 stiti,
263 898 291 944 ut
309 893 371 944 salvi
390 907 444 942 esse
469 903 611 957 possemus,
645 889 721 940 nrbes
739 903 830 947 muros,
855 886 995 988 domicilia

185 983 288 1036 delubra
301 982 456 1034 haberemus.
545 979 596 1031 (hc.
604 979 690 1030 deust.
698 979 765 1030 deor.
774 981 797 1036 2,
805 981 911 1036 60,151.

374 1131 408 1166 De
422 1129 511 1164 artibus
524 1135 583 1170 quae
595 1127 691 1169 proprie
705 1126 819 1162 (licuntur.

464 1214 497 1248 Da
510 1213 560 1248 arte
573 1211 692 1256 pingenda

217 1297 290 1351 Oculi
296 1299 393 1363 pictura
400 1301 521 1354 tenentur,
528 1309 600 1345 aures
607 1288 728 1345 cantibus.
737 1293 870 1346 Orchcad.
877 1298 900 1354 2,
909 1301 931 1354 7,
940 1298 981 1346 20.

216 1389 301 1440 Multa
319 1388 403 1440 vident
417 1389 526 1453 pictores
543 1385 673 1436 inumbris
685 1388 746 1436 etin
757 1388 897 1445 eminentia,
917 1402 980 1451 quae

183 1496 227 1532 nos
245 1495 294 1531 nou
313 1479 433 1531 videmus.
826 1477 907 1528 Iohib.

474 1606 508 1640 De
521 1605 570 1640 arta
583 1602 694 1657 meeum.

219 1691 324 1757 Effigies
342 1692 468 1743 hominum
488 1706 536 1741 non
555 1689 666 1742 solebant
683 1688 792 1756 [Romae]
812 1692 918 1755 exprimi
932 1693 982 1742 nisi

185 1785 275 1849 ahqua
286 1783 386 1834 inlustri
405 1797 482 1832 causa
498 1783 689 1846 perpetuitatem
706 1783 859 1833 merentium.

597 1872 667 1922 Peru.
679 1872 708 1922 N.
716 1871 748 1922 H.
757 1875 798 1930 34,
806 1875 830 1931 4,
838 1875 861 1930 9,
871 1875 909 1923 16.

509 2020 543 2054 Do
556 2019 650 2054 mustea.

218 2107 312 2156 Natura
328 2107 384 2170 ipsa
399 2105 498 2156 ridetur
515 2103 644 2172 [musicen]
662 2103 693 2154 sd
711 2103 852 2154 tolerandos
878 2101 979 2154 facilius

184 2195 281 2246 labores
291 2195 367 2247 ‘velut
386 2197 482 2246 muneri
499 2195 569 2246 nohis
588 2194 702 2256 dediss03
720 2233 745 2244 ..
761 2232 822 2244 ....
841 2209 887 2244 noo
898 2193 979 2244 solum

185 2288 212 2336 in
231 2287 263 2336 iis
280 2286 404 2352 operibns,
422 2287 447 2336 in
473 2285 563 2350 quibus
584 2285 693 2350 plurium
717 2291 820 2336 conatus
844 2289 979 2349 praeeunte

182 2375 266 2441 aliqua
283 2392 342 2428 voce
362 2377 497 2442 conspirat,
527 2377 572 2427 sed
597 2378 673 2426 etiam
693 2375 846 2440 singulorum
864 2373 978 2440 fatigatio

183 2467 320 2532 quamlibet
343 2482 370 2518 se
398 2466 457 2518 rudi
486 2467 653 2518 modulatione
681 2465 781 2517 solatur.

623 2556 707 2618 Qurur.
717 2555 777 2607 Inst.
788 2559 809 2614 1,
819 2559 858 2614 10,
868 2558 906 2605 16.

451 2707 485 2742 De
498 2707 548 2742 trae
561 2705 705 2741 monica

219 2789 333 2841 Mundus
350 2791 481 2842 uniuersus
498 2798 598 2842 exercet
617 2789 780 2840 histrioniam.

578 2880 684 2930 Persou.
692 2879 753 2929 Ans.
761 2878 857 2942 Fragm.
867 2879 906 2927 10.
