2208 3402
575 268 609 316 50

197 393 223 440 et
240 386 365 453 quietibus
384 388 482 443 ceteris,
503 391 556 436 tum
574 402 630 436 cum
648 387 765 451 gravibus
780 391 900 454 seriisque
918 391 997 442 rebus

198 476 401 530 satisfecerimus.
631 477 722 528 Crede
734 477 773 528 etl.
787 482 857 538 1‚29‚
867 485 923 531 103.

232 566 378 620 Naturalem
397 567 522 632 quandam
541 567 692 632 voluptatem
718 567 793 619 habet
816 569 887 621 lusus
912 573 999 624 iocus-

198 675 260 726 que‚
280 673 383 724 quorum
403 657 520 722 frequens
538 672 600 708 usus
617 672 688 707 omne
708 660 797 709 animis
820 662 916 725 pondus
942 679 998 713 om-

198 765 304 816 nemque
321 751 371 802 rim
389 749 486 812 eripiet.
661 747 717 798 Sur.
725 749 756 800 de
764 755 843 815 tranq.
854 756 893 809 17,
902 755 924 802 6.

232 839 350 892 Ludendi
365 839 468 905 quidam
487 839 576 890 modus
594 839 745 898 retinendus,
765 845 793 891 ut
811 857 841 891 ne
852 843 925 892 nimis
943 857 998 892 om-

198 934 242 983 nia
260 929 439 997 profundamus
459 929 569 994 elatique
584 929 711 994 voluptate
729 931 755 980 in
778 931 888 994 aliquam
912 934 997 997 turpi-

197 1022 309 1073 tudinem
326 1019 479 1070 delebamur.
631 1018 922 1080 Crodeoff.1‚29‚104.

507 1139 533 1183 6.
547 1139 589 1182 De
601 1139 686 1185 feriis.

233 1229 354 1282 Omnibus
373 1229 474 1294 prodest
492 1227 597 1279 subinde
622 1231 732 1279 animum
754 1229 875 1280 relaxare.
917 1231 996 1282 Exci-

197 1325 264 1373 tatur
281 1322 346 1372 enirn
360 1321 409 1370 otio
426 1321 496 1384 rigor
513 1323 538 1369 et
555 1321 634 1369 omnis
652 1321 762 1378 tristitia,
780 1335 845 1384 quae
862 1323 995 1372 continua-

198 1413 264 1462 tione
283 1411 418 1486 pertinacis
442 1409 521 1460 studii
546 1409 693 1468 adducitur,
722 1409 842 1460 feriarum
865 1411 994 1463 hilaritate

195 1501 338 1553 discutitur.
558 1497 613 1549 Ser.
621 1497 703 1550 Contu.
715 1503 727 1548 1
739 1516 763 1564 p.
772 1504 805 1550 64
818 1499 857 1550 ed.
865 1501 920 1566 Bip.

396 1589 470 1639 Graio
490 1589 576 1638 schola
594 1591 693 1640 nomine
712 1590 779 1641 dicta
797 1596 840 1649 cst,

231 1678 300 1729 Iusta
319 1673 462 1728 laboriferis
479 1675 621 1726 tribuantur
635 1681 663 1726 ut
682 1679 733 1727 otia
752 1679 842 1729 Musis.

539 1745 629 1796 Auser.
637 1746 713 1813 Idyll.
722 1762 746 1812 p.
757 1749 806 1798 158
818 1747 856 1799 ed.
864 1748 920 1813 Bip.

394 1834 509 1888 Studium
527 1836 625 1900 puerile
645 1835 746 1896 fatiscit,

231 1929 309 1979 laeta
327 1929 376 1978 nisi
396 1927 502 1978 austeris
520 1926 647 1977 varientur
663 1926 728 1977 festa
746 1926 872 1993 profestis.
890 1927 972 1979 [dib.

449 2045 473 2091 7.
488 2045 529 2090 De
541 2044 619 2089 festis
632 2045 739 2090 diebus.

228 2138 323 2201 Legum
344 2135 484 2187 conditores
502 2133 579 2185 festos
597 2135 758 2186 instituerunt
776 2136 838 2195 dice,
856 2143 884 2187 ut
902 2137 934 2188 ad
951 2137 992 2188 hi-

194 2227 319 2278 laritatem
337 2225 449 2276 homines
469 2225 569 2291 publice
588 2231 740 2288 cogerentur.

657 2295 750 2346 Sunde
762 2301 840 2360 tranq.
850 2299 889 2354 17,
898 2301 920 2346 7.

565 2413 620 2458 111.

294 2498 345 2542 Du
359 2497 524 2542 morem.
549 2498 600 2542 Dm
616 2498 825 2542 nunus'rriu
841 2497 892 2542 ΕΤ

194 2565 460 2611 ΑΒΒῙΒΠῙΤΑΤΕ.
477 2565 734 2678 -ΒῙΞΕΕΟἘἘΙΒῙΔ
753 2566 803 2610 ΕΤ
815 2565 885 2610 mir
886 2564 990 2610 AVIA.

432 2717 455 2762 1.
469 2717 563 2762 Labor
575 2719 603 2763 ct
615 2719 753 2771 voluptas.

229 2807 311 2859 Labor
328 2807 497 2874 voluptasque,
519 2807 687 2860 dissimillima
702 2813 796 2867 natura,
817 2809 934 2858 societate
950 2807 990 2856 iri-

195 2901 234 2950 ter
251 2913 277 2950 se
294 2899 399 2964 quadam
419 2899 525 2950 naturali
544 2905 601 2951 sunt
626 2900 717 2949 iuncta.
801 2897 855 2948 er.
863 2902 887 2955 5,
895 2899 919 2948 4.
