2212 3406
517 289 565 322 xnr

140 373 176 421 ris
195 377 268 436 atque
293 374 392 426 habitus
416 378 525 426 tenacior
547 377 612 426 domi
639 379 720 442 potius
747 393 773 426 se
797 379 940 436 contineret,

140 462 203 512 haec
222 467 361 528 praesentia
379 467 494 532 cupidius
516 469 681 533 complectens
706 468 831 518 hominum
855 477 939 519 coetus

141 558 166 602 et
185 553 361 606 celebrationes
381 556 493 608 lubenter
516 557 602 608 obiret.
656 558 716 608 Acri
741 567 791 608 erat
814 560 839 608 in
865 558 938 610 rebus

139 645 256 706 gerendis
274 647 387 708 ingenio,
411 655 438 698 ut
462 649 501 699 vel
524 649 590 699 ultra
608 649 739 699 mulierum
763 664 854 698 iurarem
873 651 939 714 peri·

140 734 223 784 culum
249 751 296 785 non
326 737 485 797 detrectaret,
521 739 592 790 modo
622 740 740 790 voluntati
776 738 938 790 satisfaceret.

140 823 203 876 (lum
219 827 273 876 miti
292 833 358 878 esset
376 829 475 891 ingenio
493 829 616 893 deumque
641 845 736 880 summa
762 830 881 892 religione
898 844 939 878 co-

140 914 216 974 leret,
239 918 356 981 pietatem
383 921 500 969 virtutum
523 921 631 969 omnium
656 919 841 970 fundamentum
868 919 938 970 nobis

139 1006 297 1070 praedicabat
322 1016 346 1058 et
370 1011 397 1058 in
419 1009 518 1074 placida
541 1012 674 1074 quietaque
701 1011 850 1067 constantia,
875 1024 938 1080 quap

139 1097 258 1160 quioquid
276 1097 416 1149 hominibus
435 1100 531 1149 accidat
548 1102 669 1166 patienter
687 1099 751 1150 ferre
769 1100 844 1158 iubet,
867 1099 938 1150 nobis

140 1187 254 1252 exemplo
268 1191 380 1253 praeivit.
433 1190 474 1241 Sic
492 1189 612 1241 formabat
629 1207 672 1241 nos
691 1197 769 1241 mater
786 1191 817 1240 ad
837 1191 938 1254 religio-

141 1291 205 1336 nem,
222 1293 269 1328 non
288 1279 357 1328 illam
375 1281 562 1330 cerimoniarum
579 1283 647 1330 inani
666 1297 740 1346 saepe
756 1282 871 1343 choragio
892 1284 937 1331 sti-

140 1371 222 1431 patam
244 1367 283 1418 vel
301 1371 326 1418 in
346 1371 458 1434 speciosa
477 1373 594 1420 nirtutum
612 1373 774 1422 ostentatione
800 1387 827 1420 se
845 1374 937 1421 iactan-

141 1462 199 1514 tem,
223 1458 267 1507 sed
290 1461 364 1508 tacito
389 1461 445 1510 sinu
468 1461 590 1509 inclusam
607 1477 635 1510 ac
654 1461 752 1510 ditinae
770 1461 937 1525 providentiae

140 1546 232 1597 fiducia
248 1550 412 1613 conspicuam.
456 1550 510 1600 Hoc
528 1550 621 1600 salubri
645 1552 711 1615 quod
731 1557 831 1615 uterque
849 1567 937 1616 parcns

140 1638 252 1689 servabat
281 1645 485 1706 temperamento,
514 1657 570 1690 curn
602 1643 682 1692 iustae
711 1644 788 1707 patris
815 1644 939 1692 seueritati

139 1731 285 1780 conveniens
312 1733 397 1782 matris
425 1731 514 1782 leuitas
545 1734 725 1782 immisceretur
754 1741 778 1783 et
807 1733 838 1782 ad
868 1733 937 1784 illius

139 1820 323 1885 simplicitatem
344 1827 367 1871 et
388 1823 532 1885 gravitatem
551 1822 626 1872 huius
646 1823 759 1872 alacritas
777 1829 801 1873 et
821 1823 937 1883 facilitas,

138 1913 212 1961 etiarn
238 1913 339 1976 pietatis
364 1911 555 1970 commendatio,
580 1913 719 1970 accederet,
742 1919 858 1976 quantum
883 1915 939 1978 ipsa

139 2001 209 2052 nobis
229 2001 356 2067 profuerit,
375 2002 455 2053 verbis
476 2002 527 2051 dici
546 2004 587 2052 rix
606 2009 693 2068 potest.

172 2093 271 2142 Primae
294 2094 470 2150 institutioniS,
493 2095 530 2142 uti
548 2109 593 2157 par
611 2099 676 2152 erat,
703 2101 785 2159 partes
807 2101 875 2146 eraut
894 2113 938 2160 pa-
986 2119 990 2126 =

137 2185 190 2233 tris.
228 2183 252 2232 Is
271 2185 332 2233 satis
351 2181 487 2232 liberaliter
504 2198 547 2232 nos
566 2182 659 2232 habuit.
703 2185 764 2234 Nam
792 2200 848 2235 cum
865 2186 938 2236 indu-

139 2275 224 2324 striam
248 2278 356 2324 nostram
379 2277 402 2322 et
429 2272 583 2336 diligentiam
610 2289 657 2322 non
680 2274 845 2332 desideraret,
875 2292 938 2340 quae

138 2378 266 2427 ageremus
291 2367 372 2412 nostro
398 2361 498 2412 arbitrio
528 2365 648 2427 permisit.
708 2366 807 2416 Mature
837 2367 939 2417 idoneos

138 2449 208 2500 nobis
227 2448 303 2499 libros
329 2450 356 2498 in
379 2464 466 2500 manns
491 2448 565 2499 dabat
591 2454 615 2499 et
640 2453 779 2514 exquisitae
803 2453 828 2501 in
851 2454 938 2516 quovis

136 2535 189 2586 iere
207 2535 332 2585 doctrinae
351 2549 440 2598 genere
459 2533 625 2586 bibliothecae
645 2539 740 2601 copiam
758 2539 794 2588 ita
812 2538 883 2588 nobis
900 2538 939 2588 fa-

137 2621 229 2680 ciebat,
253 2628 282 2672 ut
305 2621 494 2672 utilissimarum
522 2621 640 2672 librorum
665 2624 777 2673 notitiam
802 2626 852 2674 iam
868 2626 939 2688 pueri

136 2707 207 2759 nobis
227 2722 376 2773 pararemus.
428 2707 505 2767 Quam
530 2710 636 2773 primum
654 2709 707 2758 fieri
730 2711 816 2774 potuit,
834 2725 938 2775 gymna-

136 2797 180 2854 sio,
200 2794 266 2859 quod
284 2796 311 2844 in
328 2797 409 2860 patria
426 2795 487 2846 urbe
503 2796 581 2853 floret,
598 2797 624 2844 iu
643 2795 801 2859 disciplinam
825 2811 869 2846 nos
888 2802 937 2846 tra·

134 2881 205 2932 didit.
260 2881 297 2931 De
321 2883 391 2932 cuius
414 2880 541 2932 doctorum
564 2881 608 2932 illo
641 2886 749 2947 tempore
777 2885 936 2948 praestantia,
