2212 3406
553 311 596 346 XIV

177 396 319 447 celebritate
344 397 534 463 discipulorum,
557 403 686 450 severitate
705 401 865 466 disciplinae,
890 404 972 452 excel-

177 486 236 536 lenti
255 488 328 536 etiam
346 488 412 552 apud
431 494 528 539 exteros
548 489 615 540 fama
630 506 695 541 nunc
711 507 759 541 non
777 497 814 541 est
829 493 898 543 locus
910 493 972 544 ube-

176 578 227 626 rius
252 577 358 627 dicendi.
394 578 525 629 Doctorum
549 581 660 638 nomina,
683 583 795 645 quitum
814 585 972 647 gymnasium

176 667 313 718 Gothanum
330 668 454 728 ornabant,
471 685 527 719 cum
544 685 633 734 magna
651 669 794 722 celebritate
815 672 896 723 famae
914 675 971 732 sint,

176 760 235 807 satis
255 763 292 808 est
312 759 365 809 sola
381 761 608 810 commemoratione
628 763 780 826 apposuisse.
823 763 971 828 Praecepto·

174 862 214 899 res
230 850 306 909 igitur
323 849 669 913 venerabamurDoeringium,
688 852 887 911 lialtwasserum,
906 853 971 903 Len-

174 939 253 997 mum,
286 938 442 996 Gallettium‚
480 940 623 1003 segarium,
654 941 791 1001 liriesium‚
821 943 971 1004 Schulnium‚

173 1028 298 1087 Ukertum
317 1031 368 1093 qui,
386 1035 411 1079 ut
430 1032 456 1079 in
474 1045 519 1080 suo
536 1032 641 1094 quisque
660 1032 795 1082 litterarum
819 1047 909 1096 genere
926 1050 971 1084 ex·

173 1119 285 1177 callebat,
311 1121 346 1169 ita
364 1135 447 1169 omncs
473 1120 592 1170 laudabili
611 1123 764 1172 contentione
787 1122 920 1182 certabant,
943 1129 971 1174 ut
996 1166 1001 1169 .

173 1209 326 1260 discentibus
345 1225 418 1274 quam
438 1209 571 1274 plurimum
586 1211 739 1276 prodessent.
794 1212 833 1262 Ac
851 1213 905 1272 tibi,
930 1219 969 1264 ut-

172 1307 229 1365 pote
245 1301 406 1364 quadriennio
424 1299 477 1350 fere
496 1303 591 1359 maiori,
608 1303 720 1365 contigit,
745 1302 810 1367 quod
837 1305 863 1352 in
881 1319 971 1367 magna

171 1389 300 1440 felicitatis
313 1396 382 1456 parte
404 1390 450 1440 tibi
469 1391 608 1456 ponendum
626 1399 691 1442 recte
708 1392 841 1443 arbitratus
860 1409 887 1443 es
905 1409 969 1444 sem-

171 1495 223 1546 per,
241 1488 269 1530 ut
290 1481 407 1531 Fridcrici
425 1481 531 1531 Iacobsii
548 1481 657 1532 fruerere
674 1485 836 1533 institutione.
891 1483 969 1534 Cuius

171 1573 378 1636 praestantissimi
399 1571 505 1621 hominis
530 1587 603 1636 quam
625 1572 751 1637 praeclara
769 1572 844 1623 luerit
864 1574 969 1624 eruditio

172 1665 245 1725 atque
270 1661 380 1711 doctrina
401 1663 427 1710 in
451 1663 560 1711 maxima
584 1664 699 1713 uarietate
721 1663 871 1722 litteranim,
895 1679 969 1728 quam

170 1753 277 1815 insignis
295 1751 399 1801 docendi
416 1751 516 1802 solertia
529 1757 603 1817 atque
618 1752 732 1812 facultas
758 1769 832 1818 quam
857 1755 968 1818 singula·

170 1844 205 1892 ris
230 1855 323 1892 morum
349 1844 456 1893 suavitas
481 1847 555 1906 atque
582 1842 718 1906 elegantia,
748 1849 840 1907 quanta
861 1844 969 1908 denique

169 1932 329 1982 humanitatis
355 1934 406 1991 ris,
433 1937 456 1982 et
483 1933 532 1983 alio
556 1933 609 1983 loco
632 1931 715 1984 fusius
740 1934 880 1984 disserendi
905 1935 968 1984 mihi

170 2021 236 2073 facta
257 2027 294 2073 est
311 2029 428 2088 potestas,
451 2029 475 2073 et
493 2025 514 2074 si
533 2023 587 2080 tibi,
604 2022 698 2082 Garoie,
721 2023 835 2089 pluribus
855 2039 968 2074 enarrare

170 2113 272 2170 vellem,
294 2128 339 2162 nae
363 2128 408 2176 ego
432 2116 535 2178 tempori
560 2118 601 2163 tuo
618 2128 718 2178 parcere
736 2116 864 2164 nescirem.
919 2116 968 2166 Sed

170 2202 304 2266 singularis
328 2205 381 2253 eius
406 2205 432 2253 in
460 2209 483 2253 te
507 2206 597 2254 amoris
622 2209 695 2268 atque
721 2203 904 2255 benevolentiae
928 2219 967 2254 re-

170 2293 309 2344 cordatione
328 2293 403 2343 hodie
420 2295 456 2343 ita
473 2293 564 2352 fruare,
581 2299 608 2344 ut
626 2294 672 2344 tibi
692 2293 832 2358 aliquando,
850 2309 906 2344 cnm
927 2309 967 2344 se-

170 2383 265 2434 cundae
286 2384 375 2434 classis
394 2384 525 2449 discipulis
550 2385 690 2449 adscriptus
714 2399 791 2443 esses,
810 2385 968 2450 Heynianam

109 2492 113 2500 ·
170 2469 266 2520 Tibulli
282 2470 415 2520 editionem
433 2469 464 2520 ob
487 2473 611 2535 insignem
637 2485 710 2534 quam
730 2472 757 2521 in
776 2471 865 2520 Latina
883 2471 968 2535 lingua

169 2556 288 2607 discenda
308 2559 476 2622 praestitisses
503 2557 658 2622 diligentiam
682 2557 777 2607 munen'
794 2556 895 2606 dedisse
912 2571 968 2606 curn

169 2645 267 2694 sincera
295 2645 371 2693 animi
401 2643 524 2709 voluptate
553 2645 701 2694 memineris.
751 2643 793 2693 Ad
821 2642 968 2695 invidendas

169 2729 282 2780 discendi
301 2731 502 2795 opportunitates,
520 2745 581 2794 quas
601 2730 646 2780 illa
663 2729 780 2780 bonarum
794 2731 883 2780 artium
895 2731 967 2794 quasi

169 2813 268 2866 cilicina
286 2815 356 2866 nobis
373 2815 494 2882 praebuit,
515 2817 578 2867 aliae
599 2818 672 2867 etiam
689 2821 855 2874 accesserunt,
873 2815 964 2880 quibus

169 2903 315 2968 optimorum
332 2903 471 2968 principum
494 2902 631 2954 liberalitas
658 2901 744 2953 urbem
767 2907 875 2952 nostram
898 2901 966 2952 locu-
