2174 3400
564 266 613 315 128

395 397 420 443 7.
433 399 474 442 De
487 399 528 442 rei
540 399 684 444 amittam
697 409 772 444 curs.

219 475 271 524 Nou
288 477 368 526 minor
386 482 425 527 est
445 479 528 535 virtus,
547 491 620 540 qnam
639 491 764 540 quaerere,
783 480 855 541 parta
873 478 952 528 tueri:

255 562 333 613 Casus
347 564 412 614 inest
421 562 483 622 illie,
494 563 536 613 hie
548 565 595 613 erit
607 561 990 628 artisopus.0r1n.A.A2,13.

220 653 270 703 Res
284 652 415 704 familiaris
433 656 519 718 quaeri
538 653 612 705 debet
630 656 662 704 iis
679 653 760 713 rebus,
779 671 795 704 a
813 653 904 718 quibus
915 653 992 706 abest

185 744 321 808 turpitude,
342 746 481 796 conservari
500 744 633 809 diligentia
652 751 677 795 et
700 746 863 808 parsimonia,
894 743 991 794 iisdem

185 835 260 884 etiarn
279 833 354 885 rebus
369 837 461 899 augeri.
641 833 694 886 010.
702 834 733 885 de
744 835 783 885 eis.
793 837 816 892 2,
824 837 914 890 aaut.

220 925 307 976 Virtus
326 926 481 990 quaerendae
498 927 570 976 finem
587 927 625 976 rei
645 927 711 976 seire
727 925 886 990 modumque.

357 995 440 1044 Luem.
448 997 474 1044 in
481 995 582 1045 Anthol.
591 995 646 1045 Lat.
656 995 725 1045 Tem.
735 999 748 1043 1
757 1010 781 1059 p.
790 993 852 1045 Sed.
859 995 952 1045 Meier.

221 1083 986 1150 Malepartamaledilabuutur.Nurrv.ap.Grc.PhiL2‚27,66.

220 1177 290 1226 Male
307 1182 405 1240 parturn
424 1176 488 1227 maie
508 1175 627 1240 disparet.
659 1175 950 1233 Pnuur.P0en.4‚1‚22.

235 1293 262 1336 8.
275 1292 316 1336 De
328 1293 423 1337 domo.
453 1293 494 1336 De
506 1293 589 1345 ucria.
614 1293 656 1336 De
668 1302 801 1344 morum
813 1292 934 1335 enituere.

408 1385 442 1418 De
456 1383 531 1419 domo.
556 1383 758 1426 nempeuaonua.

220 1468 284 1528 Quid
304 1475 343 1520 est
360 1471 477 1527 sanetius,
491 1469 552 1534 quid
563 1469 630 1518 omni
641 1467 761 1532 religione
771 1468 898 1525 munitius,
910 1481 990 1532 quam

187 1560 274 1610 domus
293 1561 489 1624 uniuscuiusque
508 1556 618 1610 civium?
638 1596 749 1608 .....
775 1558 822 1608 hec
841 1556 989 1622 perfugium

185 1655 222 1702 est
241 1652 277 1700 ita
295 1657 406 1722 sanetum
422 1648 542 1708 omnibus,
561 1654 589 1699 ut
599 1650 659 1700 inde
670 1648 750 1713 abripi
760 1649 882 1698 neminem
890 1646 930 1698 fas
942 1649 987 1698 sit

618 1718 793 1784 Greprodem.
804 1719 911 1775 41‚109.

220 1809 312 1860 Nullus
333 1815 370 1861 est
388 1810 458 1860 loeus
478 1809 613 1860 domestica
630 1809 690 1860 sede
709 1809 847 1859 iucundior.

657 1877 814 1930 Oreadfam.
823 1880 847 1935 4,
856 1879 879 1936 8,
888 1879 911 1926 2.

219 1971 275 2020 Non
296 1969 367 2020 domo
388 1969 510 2027 dominus,
531 1968 574 2019 sed
593 1970 691 2019 domiue
717 1969 804 2018 domus
828 1966 987 2018 honestanda

184 2068 229 2110 est.
601 2058 604 2064 ’
620 2059 673 2110 Cre.
685 2060 717 2110 de
727 2058 766 2109 off.
777 2063 798 2116 1,
808 2061 913 2116 39,139.

220 2148 247 2200 Si
264 2151 319 2216 ipse
336 2150 460 2210 aedifices,
477 2167 508 2202 ne
524 2155 594 2202 extra
611 2149 711 2200 medum
727 2153 827 2213 sumptu
845 2152 870 2198 et
886 2149 986 2213 magni-

184 2239 283 2290 ficentia
301 2240 414 2304 prodeas.
630 2238 767 2292 Gredeeff.
776 2244 798 2298 1,
807 2241 914 2297 39,140.

219 2328 267 2390 Qui
287 2331 387 2380 domum
421 2333 561 2391 intraverit,
586 2347 630 2382 nes
661 2332 745 2396 petius
771 2331 875 2381 miretur
910 2343 986 2393 quam

184 2419 367 2484 supellectilem
383 2427 497 2472 nestram.
707 2421 762 2472 Suu.
768 2421 849 2486 Epist.
857 2423 881 2477 5,
889 2423 913 2470 6.

218 2510 382 2562 Mediocritas
400 2511 431 2561 ad
449 2527 545 2562 emnem
561 2527 633 2562 usum
651 2512 796 2576 cultumque
820 2512 886 2564 vitae
902 2514 985 2560 trana-

183 2599 287 2652 ferenda
305 2607 350 2652 est.
626 2601 678 2654 Ore.
686 2603 717 2654 da
724 2601 763 2652 off.
773 2606 795 2661 1,
803 2604 844 2660 39,
855 2604 911 2650 140.

380 2715 414 2751 De
427 2715 496 2758 min·
521 2715 556 2750 Do
568 2723 675 2758 morum
687 2715 787 2750 aalma.

219 2785 354 2836 Hominum
371 2787 457 2849 generi
475 2787 590 2837 universo
610 2785 708 2838 cultura
726 2798 841 2850 agrorum
857 2787 896 2835 est
913 2783 983 2834 salu-

186 2872 254 2921 taris.
637 2871 912 2934 Crc.Oat.mai.16‚56.
