<?xml version="1.0" encoding="UTF-8"?>
<!DOCTYPE html PUBLIC "-//W3C//DTD XHTML 1.0 Transitional//EN"
    "http://www.w3.org/TR/xhtml1/DTD/xhtml1-transitional.dtd">
<html xmlns="http://www.w3.org/1999/xhtml" xml:lang="en" lang="en">
 <head>
  <title>
</title>
<meta http-equiv="Content-Type" content="text/html;charset=utf-8" />
  <meta name='ocr-system' content='tesseract 3.04.00' />
  <meta name='ocr-capabilities' content='ocr_page ocr_carea ocr_par ocr_line ocrx_word'/>
</head>
<body>
  <div class='ocr_page' id='page_1' title='image "./promptuariumsen00seyfgoog_0034.png"; bbox 0 0 2212 3406; ppageno 0'>
   <div class='ocr_carea' id='block_1_1' title="bbox 487 299 552 334">
    <p class='ocr_par' dir='ltr' id='par_1_1' title="bbox 487 299 552 334">
     <span class='ocr_line' id='line_1_1' title="bbox 487 299 552 334; baseline 0 0"><span class='ocrx_word' id='word_1_1' title='bbox 487 299 552 334; x_wconf 84' lang='lat' dir='ltr'>mx</span> 
     </span>
    </p>
   </div>
   <div class='ocr_carea' id='block_1_2' title="bbox 115 387 919 2966">
    <p class='ocr_par' dir='ltr' id='par_1_2' title="bbox 115 387 917 1084">
     <span class='ocr_line' id='line_1_2' title="bbox 120 387 917 453; baseline 0.003 -15"><span class='ocrx_word' id='word_1_2' title='bbox 120 388 259 452; x_wconf 74' lang='lat' dir='ltr'><strong>Georgium,</strong></span> <span class='ocrx_word' id='word_1_3' title='bbox 278 390 318 439; x_wconf 87' lang='lat' dir='ltr'>cui</span> <span class='ocrx_word' id='word_1_4' title='bbox 337 387 382 440; x_wconf 87' lang='lat' dir='ltr'>ille</span> <span class='ocrx_word' id='word_1_5' title='bbox 398 387 519 452; x_wconf 81' lang='lat' dir='ltr'>regnandi</span> <span class='ocrx_word' id='word_1_6' title='bbox 538 395 668 453; x_wconf 84' lang='lat' dir='ltr'>pertaesus</span> <span class='ocrx_word' id='word_1_7' title='bbox 687 393 765 439; x_wconf 86' lang='lat' dir='ltr'>terres</span> <span class='ocrx_word' id='word_1_8' title='bbox 781 387 917 440; x_wconf 86' lang='lat' dir='ltr'>Altenbur·</span> 
     </span>
     <span class='ocr_line' id='line_1_3' title="bbox 118 478 917 544; baseline 0.003 -16"><span class='ocrx_word' id='word_1_9' title='bbox 118 493 208 542; x_wconf 77' lang='lat' dir='ltr'>genses</span> <span class='ocrx_word' id='word_1_10' title='bbox 227 483 313 544; x_wconf 88' lang='lat' dir='ltr'>sponte</span> <span class='ocrx_word' id='word_1_11' title='bbox 331 481 357 529; x_wconf 93' lang='lat' dir='ltr'>in</span> <span class='ocrx_word' id='word_1_12' title='bbox 375 478 495 530; x_wconf 79' lang='lat' dir='ltr'>ditionem</span> <span class='ocrx_word' id='word_1_13' title='bbox 513 478 630 538; x_wconf 85' lang='lat' dir='ltr'>tradidit,</span> <span class='ocrx_word' id='word_1_14' title='bbox 648 479 751 529; x_wconf 78' lang='lat' dir='ltr'>eandem</span> <span class='ocrx_word' id='word_1_15' title='bbox 770 479 917 530; x_wconf 84' lang='lat' dir='ltr'>benevolen-</span> 
     </span>
     <span class='ocr_line' id='line_1_4' title="bbox 117 567 917 634; baseline 0.003 -16"><span class='ocrx_word' id='word_1_16' title='bbox 117 571 178 619; x_wconf 86' lang='lat' dir='ltr'>tiam</span> <span class='ocrx_word' id='word_1_17' title='bbox 203 570 291 620; x_wconf 89' lang='lat' dir='ltr'>iniisti.</span> <span class='ocrx_word' id='word_1_18' title='bbox 328 567 414 628; x_wconf 79' lang='lat' dir='ltr'>Quid?</span> <span class='ocrx_word' id='word_1_19' title='bbox 441 568 508 634; x_wconf 90' lang='lat' dir='ltr'>qnod</span> <span class='ocrx_word' id='word_1_20' title='bbox 532 584 598 619; x_wconf 89' lang='lat' dir='ltr'>nunc</span> <span class='ocrx_word' id='word_1_21' title='bbox 614 583 725 633; x_wconf 87' lang='lat' dir='ltr'>quoque,</span> <span class='ocrx_word' id='word_1_22' title='bbox 745 575 875 634; x_wconf 79' lang='lat' dir='ltr'><strong>postquam</strong></span> <span class='ocrx_word' id='word_1_23' title='bbox 892 575 917 620; x_wconf 89' lang='lat' dir='ltr'>te</span> 
     </span>
     <span class='ocr_line' id='line_1_5' title="bbox 118 658 917 724; baseline 0.003 -16"><span class='ocrx_word' id='word_1_24' title='bbox 118 658 149 708; x_wconf 80' lang='lat' dir='ltr'>ad</span> <span class='ocrx_word' id='word_1_25' title='bbox 169 661 245 709; x_wconf 89' lang='lat' dir='ltr'>otium</span> <span class='ocrx_word' id='word_1_26' title='bbox 263 659 397 718; x_wconf 73' lang='lat' dir='ltr'>contulisti,</span> <span class='ocrx_word' id='word_1_27' title='bbox 415 659 515 710; x_wconf 83' lang='lat' dir='ltr'>Ernesti</span> <span class='ocrx_word' id='word_1_28' title='bbox 531 661 636 724; x_wconf 83' lang='lat' dir='ltr'>nepotis,</span> <span class='ocrx_word' id='word_1_29' title='bbox 653 658 761 710; x_wconf 77' lang='lat' dir='ltr'>feliciter</span> <span class='ocrx_word' id='word_1_30' title='bbox 778 675 843 710; x_wconf 87' lang='lat' dir='ltr'>nunc</span> <span class='ocrx_word' id='word_1_31' title='bbox 860 675 917 724; x_wconf 75' lang='lat' dir='ltr'>reg-</span> 
     </span>
     <span class='ocr_line' id='line_1_6' title="bbox 117 747 916 814; baseline 0 -14"><span class='ocrx_word' id='word_1_32' title='bbox 117 751 215 806; x_wconf 83' lang='lat' dir='ltr'>nantis,</span> <span class='ocrx_word' id='word_1_33' title='bbox 236 748 345 798; x_wconf 90' lang='lat' dir='ltr'>studium</span> <span class='ocrx_word' id='word_1_34' title='bbox 367 764 396 800; x_wconf 87' lang='lat' dir='ltr'>eo</span> <span class='ocrx_word' id='word_1_35' title='bbox 418 747 525 800; x_wconf 83' lang='lat' dir='ltr'>levorem</span> <span class='ocrx_word' id='word_1_36' title='bbox 550 751 686 808; x_wconf 87' lang='lat' dir='ltr'>retinuisti,</span> <span class='ocrx_word' id='word_1_37' title='bbox 714 751 785 800; x_wconf 88' lang='lat' dir='ltr'>cuins</span> <span class='ocrx_word' id='word_1_38' title='bbox 806 755 916 814; x_wconf 82' lang='lat' dir='ltr'>apertam</span> 
     </span>
     <span class='ocr_line' id='line_1_7' title="bbox 117 839 915 904; baseline 0.003 -14"><span class='ocrx_word' id='word_1_39' title='bbox 117 839 337 904; x_wconf 77' lang='lat' dir='ltr'>significationem,</span> <span class='ocrx_word' id='word_1_40' title='bbox 363 853 419 889; x_wconf 89' lang='lat' dir='ltr'>cum</span> <span class='ocrx_word' id='word_1_41' title='bbox 443 844 499 890; x_wconf 86' lang='lat' dir='ltr'>ante</span> <span class='ocrx_word' id='word_1_42' title='bbox 524 840 569 890; x_wconf 91' lang='lat' dir='ltr'>hos</span> <span class='ocrx_word' id='word_1_43' title='bbox 593 839 656 890; x_wconf 89' lang='lat' dir='ltr'>dnos</span> <span class='ocrx_word' id='word_1_44' title='bbox 681 854 771 897; x_wconf 81' lang='lat' dir='ltr'>annos,</span> <span class='ocrx_word' id='word_1_45' title='bbox 787 853 835 904; x_wconf 87' lang='lat' dir='ltr'>quo</span> <span class='ocrx_word' id='word_1_46' title='bbox 854 846 915 892; x_wconf 88' lang='lat' dir='ltr'>tem-</span> 
     </span>
     <span class='ocr_line' id='line_1_8' title="bbox 115 928 916 996; baseline 0 -16"><span class='ocrx_word' id='word_1_47' title='bbox 115 943 176 996; x_wconf 93' lang='lat' dir='ltr'>pore</span> <span class='ocrx_word' id='word_1_48' title='bbox 191 928 334 980; x_wconf 74' lang='lat' dir='ltr'>Germaniae</span> <span class='ocrx_word' id='word_1_49' title='bbox 350 928 471 994; x_wconf 84' lang='lat' dir='ltr'>philologi</span> <span class='ocrx_word' id='word_1_50' title='bbox 486 928 666 993; x_wconf 78' lang='lat' dir='ltr'>Altenbnrgum</span> <span class='ocrx_word' id='word_1_51' title='bbox 685 935 854 989; x_wconf 83' lang='lat' dir='ltr'>convenerant,</span> <span class='ocrx_word' id='word_1_52' title='bbox 879 931 916 980; x_wconf 84' lang='lat' dir='ltr'>tui</span> 
     </span>
     <span class='ocr_line' id='line_1_9' title="bbox 117 1017 914 1084; baseline 0 -12"><span class='ocrx_word' id='word_1_53' title='bbox 117 1019 243 1072; x_wconf 80' lang='lat' dir='ltr'>revisendi</span> <span class='ocrx_word' id='word_1_54' title='bbox 268 1019 333 1070; x_wconf 87' lang='lat' dir='ltr'>laeta</span> <span class='ocrx_word' id='word_1_55' title='bbox 350 1020 412 1070; x_wconf 91' lang='lat' dir='ltr'>mihi</span> <span class='ocrx_word' id='word_1_56' title='bbox 430 1017 497 1069; x_wconf 85' lang='lat' dir='ltr'>facta</span> <span class='ocrx_word' id='word_1_57' title='bbox 513 1025 579 1070; x_wconf 91' lang='lat' dir='ltr'>esset</span> <span class='ocrx_word' id='word_1_58' title='bbox 597 1021 676 1084; x_wconf 89' lang='lat' dir='ltr'>copia,</span> <span class='ocrx_word' id='word_1_59' title='bbox 696 1020 737 1070; x_wconf 90' lang='lat' dir='ltr'>his</span> <span class='ocrx_word' id='word_1_60' title='bbox 755 1019 834 1070; x_wconf 89' lang='lat' dir='ltr'>oculis</span> <span class='ocrx_word' id='word_1_61' title='bbox 854 1020 914 1072; x_wconf 89' lang='lat' dir='ltr'>vidi.</span> 
     </span>
    </p>

    <p class='ocr_par' dir='ltr' id='par_1_3' title="bbox 118 1109 919 2966">
     <span class='ocr_line' id='line_1_10' title="bbox 154 1109 916 1176; baseline 0 -16"><span class='ocrx_word' id='word_1_62' title='bbox 154 1109 223 1168; x_wconf 89' lang='lat' dir='ltr'>Quod</span> <span class='ocrx_word' id='word_1_63' title='bbox 247 1115 328 1161; x_wconf 84' lang='lat' dir='ltr'>eutem</span> <span class='ocrx_word' id='word_1_64' title='bbox 345 1111 436 1160; x_wconf 86' lang='lat' dir='ltr'>civium</span> <span class='ocrx_word' id='word_1_65' title='bbox 458 1111 578 1160; x_wconf 87' lang='lat' dir='ltr'>censuisti</span> <span class='ocrx_word' id='word_1_66' title='bbox 594 1113 621 1160; x_wconf 89' lang='lat' dir='ltr'>ut</span> <span class='ocrx_word' id='word_1_67' title='bbox 638 1110 806 1160; x_wconf 87' lang='lat' dir='ltr'>firmissimum</span> <span class='ocrx_word' id='word_1_68' title='bbox 824 1112 916 1176; x_wconf 87' lang='lat' dir='ltr'>princi-</span> 
     </span>
     <span class='ocr_line' id='line_1_11' title="bbox 118 1199 915 1266; baseline 0.001 -16"><span class='ocrx_word' id='word_1_69' title='bbox 118 1199 193 1266; x_wconf 88' lang='lat' dir='ltr'>pibus</span> <span class='ocrx_word' id='word_1_70' title='bbox 210 1202 308 1266; x_wconf 88' lang='lat' dir='ltr'>imperii</span> <span class='ocrx_word' id='word_1_71' title='bbox 326 1202 503 1250; x_wconf 86' lang='lat' dir='ltr'>munimentum</span> <span class='ocrx_word' id='word_1_72' title='bbox 520 1215 589 1258; x_wconf 85' lang='lat' dir='ltr'>esse,</span> <span class='ocrx_word' id='word_1_73' title='bbox 606 1202 642 1250; x_wconf 85' lang='lat' dir='ltr'>ita</span> <span class='ocrx_word' id='word_1_74' title='bbox 661 1202 800 1265; x_wconf 78' lang='lat' dir='ltr'>principum</span> <span class='ocrx_word' id='word_1_75' title='bbox 818 1215 915 1264; x_wconf 85' lang='lat' dir='ltr'>quoque</span> 
     </span>
     <span class='ocr_line' id='line_1_12' title="bbox 119 1289 915 1355; baseline 0 -13"><span class='ocrx_word' id='word_1_76' title='bbox 119 1293 207 1342; x_wconf 84' lang='lat' dir='ltr'>amieis</span> <span class='ocrx_word' id='word_1_77' title='bbox 229 1292 338 1341; x_wconf 87' lang='lat' dir='ltr'>muueris</span> <span class='ocrx_word' id='word_1_78' title='bbox 362 1294 429 1342; x_wconf 89' lang='lat' dir='ltr'>reete</span> <span class='ocrx_word' id='word_1_79' title='bbox 451 1289 559 1340; x_wconf 88' lang='lat' dir='ltr'>obeundi</span> <span class='ocrx_word' id='word_1_80' title='bbox 583 1305 655 1355; x_wconf 78' lang='lat' dir='ltr'>spem,</span> <span class='ocrx_word' id='word_1_81' title='bbox 668 1289 786 1355; x_wconf 87' lang='lat' dir='ltr'>praebere</span> <span class='ocrx_word' id='word_1_82' title='bbox 804 1293 915 1342; x_wconf 88' lang='lat' dir='ltr'>certissi-</span> 
     </span>
     <span class='ocr_line' id='line_1_13' title="bbox 118 1379 915 1445; baseline 0 -13"><span class='ocrx_word' id='word_1_83' title='bbox 118 1397 192 1440; x_wconf 84' lang='lat' dir='ltr'>mam,</span> <span class='ocrx_word' id='word_1_84' title='bbox 214 1382 279 1431; x_wconf 91' lang='lat' dir='ltr'>hunc</span> <span class='ocrx_word' id='word_1_85' title='bbox 294 1395 399 1432; x_wconf 88' lang='lat' dir='ltr'>amorem</span> <span class='ocrx_word' id='word_1_86' title='bbox 418 1385 512 1432; x_wconf 77' lang='lat' dir='ltr'>mature</span> <span class='ocrx_word' id='word_1_87' title='bbox 530 1379 576 1430; x_wconf 88' lang='lat' dir='ltr'>tibi</span> <span class='ocrx_word' id='word_1_88' title='bbox 595 1380 734 1432; x_wconf 81' lang='lat' dir='ltr'>conciliesti</span> <span class='ocrx_word' id='word_1_89' title='bbox 750 1395 915 1445; x_wconf 83' lang='lat' dir='ltr'>necunquam</span> 
     </span>
     <span class='ocr_line' id='line_1_14' title="bbox 119 1469 916 1534; baseline -0.003 -12"><span class='ocrx_word' id='word_1_90' title='bbox 119 1473 235 1522; x_wconf 83' lang='lat' dir='ltr'>amisisti.</span> <span class='ocrx_word' id='word_1_91' title='bbox 270 1470 386 1522; x_wconf 78' lang='lat' dir='ltr'>Caritatis</span> <span class='ocrx_word' id='word_1_92' title='bbox 411 1485 470 1522; x_wconf 88' lang='lat' dir='ltr'>suae</span> <span class='ocrx_word' id='word_1_93' title='bbox 485 1469 696 1534; x_wconf 83' lang='lat' dir='ltr'>Altenbnrgenses</span> <span class='ocrx_word' id='word_1_94' title='bbox 715 1485 763 1522; x_wconf 87' lang='lat' dir='ltr'>nou</span> <span class='ocrx_word' id='word_1_95' title='bbox 778 1471 855 1522; x_wconf 87' lang='lat' dir='ltr'>dubia</span> <span class='ocrx_word' id='word_1_96' title='bbox 871 1470 916 1521; x_wconf 92' lang='lat' dir='ltr'>do-</span> 
     </span>
     <span class='ocr_line' id='line_1_15' title="bbox 120 1551 914 1626; baseline -0.003 -14"><span class='ocrx_word' id='word_1_97' title='bbox 120 1551 309 1613; x_wconf 78' lang='lat' dir='ltr'>numeniacum</span> <span class='ocrx_word' id='word_1_98' title='bbox 328 1563 393 1612; x_wconf 90' lang='lat' dir='ltr'>omni</span> <span class='ocrx_word' id='word_1_99' title='bbox 411 1565 520 1626; x_wconf 87' lang='lat' dir='ltr'>tempore</span> <span class='ocrx_word' id='word_1_100' title='bbox 537 1559 583 1610; x_wconf 93' lang='lat' dir='ltr'>tibi</span> <span class='ocrx_word' id='word_1_101' title='bbox 602 1560 740 1619; x_wconf 84' lang='lat' dir='ltr'>dederunt,</span> <span class='ocrx_word' id='word_1_102' title='bbox 763 1567 828 1620; x_wconf 82' lang='lat' dir='ltr'>tum,</span> <span class='ocrx_word' id='word_1_103' title='bbox 849 1560 914 1625; x_wconf 89' lang='lat' dir='ltr'>qued</span> 
     </span>
     <span class='ocr_line' id='line_1_16' title="bbox 119 1650 915 1717; baseline -0.001 -14"><span class='ocrx_word' id='word_1_104' title='bbox 119 1652 166 1703; x_wconf 89' lang='lat' dir='ltr'>tibi</span> <span class='ocrx_word' id='word_1_105' title='bbox 190 1652 262 1717; x_wconf 78' lang='lat' dir='ltr'>longe</span> <span class='ocrx_word' id='word_1_106' title='bbox 285 1653 500 1717; x_wconf 83' lang='lat' dir='ltr'>exoptatissimum</span> <span class='ocrx_word' id='word_1_107' title='bbox 526 1665 582 1702; x_wconf 87' lang='lat' dir='ltr'>esse</span> <span class='ocrx_word' id='word_1_108' title='bbox 599 1650 694 1711; x_wconf 89' lang='lat' dir='ltr'>debuit,</span> <span class='ocrx_word' id='word_1_109' title='bbox 710 1653 770 1704; x_wconf 79' lang='lat' dir='ltr'>satis</span> <span class='ocrx_word' id='word_1_110' title='bbox 790 1651 915 1702; x_wconf 84' lang='lat' dir='ltr'>luculenta</span> 
     </span>
     <span class='ocr_line' id='line_1_17' title="bbox 120 1741 916 1809; baseline -0.003 -15"><span class='ocrx_word' id='word_1_111' title='bbox 120 1759 149 1794; x_wconf 91' lang='lat' dir='ltr'>eo</span> <span class='ocrx_word' id='word_1_112' title='bbox 175 1745 231 1809; x_wconf 88' lang='lat' dir='ltr'>ipso</span> <span class='ocrx_word' id='word_1_113' title='bbox 247 1759 322 1802; x_wconf 86' lang='lat' dir='ltr'>anuo,</span> <span class='ocrx_word' id='word_1_114' title='bbox 344 1757 392 1807; x_wconf 90' lang='lat' dir='ltr'>quo</span> <span class='ocrx_word' id='word_1_115' title='bbox 410 1741 526 1794; x_wconf 84' lang='lat' dir='ltr'>effrenata</span> <span class='ocrx_word' id='word_1_116' title='bbox 542 1744 724 1792; x_wconf 86' lang='lat' dir='ltr'>temerariorum</span> <span class='ocrx_word' id='word_1_117' title='bbox 740 1743 867 1793; x_wconf 87' lang='lat' dir='ltr'>hominum</span> <span class='ocrx_word' id='word_1_118' title='bbox 885 1741 916 1793; x_wconf 86' lang='lat' dir='ltr'>li·</span> 
     </span>
     <span class='ocr_line' id='line_1_18' title="bbox 119 1831 917 1898; baseline -0.003 -13"><span class='ocrx_word' id='word_1_119' title='bbox 119 1836 203 1886; x_wconf 89' lang='lat' dir='ltr'>centia</span> <span class='ocrx_word' id='word_1_120' title='bbox 216 1835 259 1884; x_wconf 81' lang='lat' dir='ltr'>rix</span> <span class='ocrx_word' id='word_1_121' title='bbox 277 1833 323 1883; x_wconf 92' lang='lat' dir='ltr'>ulli</span> <span class='ocrx_word' id='word_1_122' title='bbox 341 1834 459 1898; x_wconf 85' lang='lat' dir='ltr'>pepercit,</span> <span class='ocrx_word' id='word_1_123' title='bbox 479 1835 498 1882; x_wconf 93' lang='lat' dir='ltr'>ii</span> <span class='ocrx_word' id='word_1_124' title='bbox 517 1847 581 1891; x_wconf 85' lang='lat' dir='ltr'>vero,</span> <span class='ocrx_word' id='word_1_125' title='bbox 599 1834 642 1896; x_wconf 90' lang='lat' dir='ltr'>qui</span> <span class='ocrx_word' id='word_1_126' title='bbox 659 1832 690 1882; x_wconf 86' lang='lat' dir='ltr'>ad</span> <span class='ocrx_word' id='word_1_127' title='bbox 708 1834 807 1898; x_wconf 84' lang='lat' dir='ltr'>imperii</span> <span class='ocrx_word' id='word_1_128' title='bbox 820 1831 917 1884; x_wconf 86' lang='lat' dir='ltr'>clavum</span> 
     </span>
     <span class='ocr_line' id='line_1_19' title="bbox 121 1921 917 1983; baseline -0.001 -8"><span class='ocrx_word' id='word_1_129' title='bbox 121 1924 250 1983; x_wconf 83' lang='lat' dir='ltr'>sedebant,</span> <span class='ocrx_word' id='word_1_130' title='bbox 271 1923 472 1974; x_wconf 86' lang='lat' dir='ltr'>calumniantium</span> <span class='ocrx_word' id='word_1_131' title='bbox 492 1925 596 1974; x_wconf 86' lang='lat' dir='ltr'>iniurias</span> <span class='ocrx_word' id='word_1_132' title='bbox 609 1925 718 1974; x_wconf 89' lang='lat' dir='ltr'>omnium</span> <span class='ocrx_word' id='word_1_133' title='bbox 736 1925 837 1974; x_wconf 89' lang='lat' dir='ltr'>minime</span> <span class='ocrx_word' id='word_1_134' title='bbox 855 1921 917 1974; x_wconf 88' lang='lat' dir='ltr'>cffu-</span> 
     </span>
     <span class='ocr_line' id='line_1_20' title="bbox 121 2012 917 2080; baseline 0 -16"><span class='ocrx_word' id='word_1_135' title='bbox 121 2019 217 2080; x_wconf 84' lang='lat' dir='ltr'>gerunt.</span> <span class='ocrx_word' id='word_1_136' title='bbox 257 2013 296 2064; x_wconf 87' lang='lat' dir='ltr'>Ac</span> <span class='ocrx_word' id='word_1_137' title='bbox 316 2018 383 2064; x_wconf 88' lang='lat' dir='ltr'>recte</span> <span class='ocrx_word' id='word_1_138' title='bbox 408 2012 496 2064; x_wconf 86' lang='lat' dir='ltr'>cadere</span> <span class='ocrx_word' id='word_1_139' title='bbox 523 2015 548 2063; x_wconf 89' lang='lat' dir='ltr'>in</span> <span class='ocrx_word' id='word_1_140' title='bbox 576 2019 601 2064; x_wconf 90' lang='lat' dir='ltr'>te</span> <span class='ocrx_word' id='word_1_141' title='bbox 623 2014 738 2064; x_wconf 80' lang='lat' dir='ltr'>ridentur</span> <span class='ocrx_word' id='word_1_142' title='bbox 757 2012 803 2063; x_wconf 87' lang='lat' dir='ltr'>illa</span> <span class='ocrx_word' id='word_1_143' title='bbox 828 2015 917 2064; x_wconf 85' lang='lat' dir='ltr'>veteris</span> 
     </span>
     <span class='ocr_line' id='line_1_21' title="bbox 120 2102 919 2170; baseline -0.003 -14"><span class='ocrx_word' id='word_1_144' title='bbox 120 2107 251 2170; x_wconf 86' lang='lat' dir='ltr'>scriptoris</span> <span class='ocrx_word' id='word_1_145' title='bbox 274 2104 306 2154; x_wconf 93' lang='lat' dir='ltr'>de</span> <span class='ocrx_word' id='word_1_146' title='bbox 325 2105 460 2170; x_wconf 86' lang='lat' dir='ltr'>Pomponio</span> <span class='ocrx_word' id='word_1_147' title='bbox 476 2102 561 2154; x_wconf 87' lang='lat' dir='ltr'>Attico</span> <span class='ocrx_word' id='word_1_148' title='bbox 581 2102 661 2154; x_wconf 81' lang='lat' dir='ltr'>verbe.</span> <span class='ocrx_word' id='word_1_149' title='bbox 698 2103 804 2164; x_wconf 85' lang='lat' dir='ltr'>Quodsi,</span> <span class='ocrx_word' id='word_1_150' title='bbox 827 2104 864 2154; x_wconf 90' lang='lat' dir='ltr'>sio</span> <span class='ocrx_word' id='word_1_151' title='bbox 883 2105 919 2154; x_wconf 82' lang='lat' dir='ltr'>ait</span> 
     </span>
     <span class='ocr_line' id='line_1_22' title="bbox 119 2192 917 2261; baseline -0.005 -13"><span class='ocrx_word' id='word_1_152' title='bbox 119 2196 180 2254; x_wconf 90' lang='lat' dir='ltr'>ille,</span> <span class='ocrx_word' id='word_1_153' title='bbox 204 2195 350 2260; x_wconf 76' lang='lat' dir='ltr'>gubernator</span> <span class='ocrx_word' id='word_1_154' title='bbox 367 2197 501 2261; x_wconf 82' lang='lat' dir='ltr'>praecipua</span> <span class='ocrx_word' id='word_1_155' title='bbox 517 2193 591 2244; x_wconf 84' lang='lat' dir='ltr'>leode</span> <span class='ocrx_word' id='word_1_156' title='bbox 609 2192 699 2252; x_wconf 84' lang='lat' dir='ltr'>fertur,</span> <span class='ocrx_word' id='word_1_157' title='bbox 718 2195 761 2258; x_wconf 91' lang='lat' dir='ltr'>qui</span> <span class='ocrx_word' id='word_1_158' title='bbox 779 2209 865 2244; x_wconf 83' lang='lat' dir='ltr'>navem</span> <span class='ocrx_word' id='word_1_159' title='bbox 885 2209 917 2246; x_wconf 83' lang='lat' dir='ltr'>ex</span> 
     </span>
     <span class='ocr_line' id='line_1_23' title="bbox 122 2284 917 2351; baseline -0.003 -13"><span class='ocrx_word' id='word_1_160' title='bbox 122 2288 207 2338; x_wconf 89' lang='lat' dir='ltr'>hieme</span> <span class='ocrx_word' id='word_1_161' title='bbox 225 2289 335 2350; x_wconf 86' lang='lat' dir='ltr'>merique</span> <span class='ocrx_word' id='word_1_162' title='bbox 353 2285 482 2351; x_wconf 87' lang='lat' dir='ltr'>scopuloso</span> <span class='ocrx_word' id='word_1_163' title='bbox 500 2289 587 2343; x_wconf 86' lang='lat' dir='ltr'>servet,</span> <span class='ocrx_word' id='word_1_164' title='bbox 606 2299 650 2334; x_wconf 89' lang='lat' dir='ltr'>cur</span> <span class='ocrx_word' id='word_1_165' title='bbox 658 2299 706 2334; x_wconf 91' lang='lat' dir='ltr'>non</span> <span class='ocrx_word' id='word_1_166' title='bbox 716 2284 850 2348; x_wconf 78' lang='lat' dir='ltr'>singularis</span> <span class='ocrx_word' id='word_1_167' title='bbox 863 2287 917 2338; x_wconf 90' lang='lat' dir='ltr'>eins</span> 
     </span>
     <span class='ocr_line' id='line_1_24' title="bbox 121 2375 918 2442; baseline -0.004 -12"><span class='ocrx_word' id='word_1_168' title='bbox 121 2379 280 2430; x_wconf 81' lang='lat' dir='ltr'>existimetur</span> <span class='ocrx_word' id='word_1_169' title='bbox 295 2376 433 2441; x_wconf 74' lang='lat' dir='ltr'>prudentia</span> <span class='ocrx_word' id='word_1_170' title='bbox 453 2376 496 2440; x_wconf 89' lang='lat' dir='ltr'>qui</span> <span class='ocrx_word' id='word_1_171' title='bbox 513 2381 596 2425; x_wconf 85' lang='lat' dir='ltr'>extet</span> <span class='ocrx_word' id='word_1_172' title='bbox 613 2381 712 2440; x_wconf 87' lang='lat' dir='ltr'>tamque</span> <span class='ocrx_word' id='word_1_173' title='bbox 729 2375 844 2437; x_wconf 73' lang='lat' dir='ltr'>previbus</span> <span class='ocrx_word' id='word_1_174' title='bbox 862 2391 918 2442; x_wconf 91' lang='lat' dir='ltr'>pro-</span> 
     </span>
     <span class='ocr_line' id='line_1_25' title="bbox 124 2465 917 2531; baseline -0.003 -13"><span class='ocrx_word' id='word_1_175' title='bbox 124 2467 197 2518; x_wconf 89' lang='lat' dir='ltr'>cellis</span> <span class='ocrx_word' id='word_1_176' title='bbox 223 2467 338 2517; x_wconf 88' lang='lat' dir='ltr'>civilibus</span> <span class='ocrx_word' id='word_1_177' title='bbox 362 2465 392 2518; x_wconf 81' lang='lat' dir='ltr'>ad</span> <span class='ocrx_word' id='word_1_178' title='bbox 412 2465 605 2517; x_wconf 82' lang='lat' dir='ltr'>incolumitatem</span> <span class='ocrx_word' id='word_1_179' title='bbox 623 2465 755 2531; x_wconf 76' lang='lat' dir='ltr'>pervenit?</span> <span class='ocrx_word' id='word_1_180' title='bbox 793 2466 831 2516; x_wconf 71' lang='lat' dir='ltr'>&#39;lu</span> <span class='ocrx_word' id='word_1_181' title='bbox 853 2479 917 2524; x_wconf 83' lang='lat' dir='ltr'>vero,</span> 
     </span>
     <span class='ocr_line' id='line_1_26' title="bbox 121 2550 918 2618; baseline -0.005 -12"><span class='ocrx_word' id='word_1_182' title='bbox 121 2552 207 2612; x_wconf 82' lang='lat' dir='ltr'>freter,</span> <span class='ocrx_word' id='word_1_183' title='bbox 225 2568 273 2604; x_wconf 89' lang='lat' dir='ltr'>non</span> <span class='ocrx_word' id='word_1_184' title='bbox 291 2552 322 2602; x_wconf 88' lang='lat' dir='ltr'>ad</span> <span class='ocrx_word' id='word_1_185' title='bbox 336 2551 528 2604; x_wconf 84' lang='lat' dir='ltr'>incolumitatem</span> <span class='ocrx_word' id='word_1_186' title='bbox 546 2551 619 2604; x_wconf 87' lang='lat' dir='ltr'>modo</span> <span class='ocrx_word' id='word_1_187' title='bbox 631 2554 772 2618; x_wconf 82' lang='lat' dir='ltr'>pervenisti,</span> <span class='ocrx_word' id='word_1_188' title='bbox 790 2550 834 2602; x_wconf 88' lang='lat' dir='ltr'>sed</span> <span class='ocrx_word' id='word_1_189' title='bbox 846 2555 918 2602; x_wconf 79' lang='lat' dir='ltr'>sucta</span> 
     </span>
     <span class='ocr_line' id='line_1_27' title="bbox 122 2639 918 2703; baseline -0.006 -10"><span class='ocrx_word' id='word_1_190' title='bbox 122 2643 198 2694; x_wconf 88' lang='lat' dir='ltr'>etiam</span> <span class='ocrx_word' id='word_1_191' title='bbox 216 2641 398 2690; x_wconf 83' lang='lat' dir='ltr'>existimatione</span> <span class='ocrx_word' id='word_1_192' title='bbox 416 2653 528 2690; x_wconf 83' lang='lat' dir='ltr'>ererum</span> <span class='ocrx_word' id='word_1_193' title='bbox 545 2639 707 2703; x_wconf 74' lang='lat' dir='ltr'>gerendarum</span> <span class='ocrx_word' id='word_1_194' title='bbox 724 2639 819 2689; x_wconf 85' lang='lat' dir='ltr'>theatro</span> <span class='ocrx_word' id='word_1_195' title='bbox 836 2652 918 2688; x_wconf 87' lang='lat' dir='ltr'>reces-</span> 
     </span>
     <span class='ocr_line' id='line_1_28' title="bbox 123 2723 918 2790; baseline -0.003 -14"><span class='ocrx_word' id='word_1_196' title='bbox 123 2729 189 2786; x_wconf 86' lang='lat' dir='ltr'>sisti,</span> <span class='ocrx_word' id='word_1_197' title='bbox 210 2730 234 2778; x_wconf 89' lang='lat' dir='ltr'>et</span> <span class='ocrx_word' id='word_1_198' title='bbox 253 2731 325 2776; x_wconf 84' lang='lat' dir='ltr'>ancta</span> <span class='ocrx_word' id='word_1_199' title='bbox 342 2725 442 2790; x_wconf 89' lang='lat' dir='ltr'>quidem</span> <span class='ocrx_word' id='word_1_200' title='bbox 457 2725 523 2790; x_wconf 88' lang='lat' dir='ltr'>apud</span> <span class='ocrx_word' id='word_1_201' title='bbox 535 2725 666 2790; x_wconf 86' lang='lat' dir='ltr'>populares</span> <span class='ocrx_word' id='word_1_202' title='bbox 687 2731 710 2775; x_wconf 88' lang='lat' dir='ltr'>et</span> <span class='ocrx_word' id='word_1_203' title='bbox 720 2731 825 2784; x_wconf 86' lang='lat' dir='ltr'>exteros,</span> <span class='ocrx_word' id='word_1_204' title='bbox 852 2723 918 2789; x_wconf 86' lang='lat' dir='ltr'>apud</span> 
     </span>
     <span class='ocr_line' id='line_1_29' title="bbox 123 2810 918 2880; baseline -0.006 -15"><span class='ocrx_word' id='word_1_205' title='bbox 123 2815 250 2880; x_wconf 85' lang='lat' dir='ltr'>principes</span> <span class='ocrx_word' id='word_1_206' title='bbox 268 2818 293 2864; x_wconf 88' lang='lat' dir='ltr'>et</span> <span class='ocrx_word' id='word_1_207' title='bbox 310 2815 385 2864; x_wconf 79' lang='lat' dir='ltr'>cives,</span> <span class='ocrx_word' id='word_1_208' title='bbox 421 2811 454 2862; x_wconf 88' lang='lat' dir='ltr'>Et</span> <span class='ocrx_word' id='word_1_209' title='bbox 470 2811 545 2862; x_wconf 92' lang='lat' dir='ltr'>hodie</span> <span class='ocrx_word' id='word_1_210' title='bbox 563 2825 660 2876; x_wconf 87' lang='lat' dir='ltr'>quoqne</span> <span class='ocrx_word' id='word_1_211' title='bbox 677 2810 716 2862; x_wconf 83' lang='lat' dir='ltr'>vel</span> <span class='ocrx_word' id='word_1_212' title='bbox 734 2816 832 2862; x_wconf 85' lang='lat' dir='ltr'>exteros</span> <span class='ocrx_word' id='word_1_213' title='bbox 849 2811 918 2876; x_wconf 91' lang='lat' dir='ltr'>prin-</span> 
     </span>
     <span class='ocr_line' id='line_1_30' title="bbox 124 2895 918 2966; baseline -0.01 -13"><span class='ocrx_word' id='word_1_214' title='bbox 124 2903 194 2966; x_wconf 91' lang='lat' dir='ltr'>cipes</span> <span class='ocrx_word' id='word_1_215' title='bbox 220 2913 352 2965; x_wconf 84' lang='lat' dir='ltr'>eornmqne</span> <span class='ocrx_word' id='word_1_216' title='bbox 371 2899 463 2950; x_wconf 82' lang='lat' dir='ltr'>amieos</span> <span class='ocrx_word' id='word_1_217' title='bbox 480 2911 592 2962; x_wconf 78' lang='lat' dir='ltr'>magnam</span> <span class='ocrx_word' id='word_1_218' title='bbox 612 2899 638 2948; x_wconf 91' lang='lat' dir='ltr'>in</span> <span class='ocrx_word' id='word_1_219' title='bbox 657 2901 682 2948; x_wconf 89' lang='lat' dir='ltr'>te</span> <span class='ocrx_word' id='word_1_220' title='bbox 698 2895 813 2948; x_wconf 78' lang='lat' dir='ltr'>fiduciam</span> <span class='ocrx_word' id='word_1_221' title='bbox 828 2906 918 2962; x_wconf 89' lang='lat' dir='ltr'>ponere</span> 
     </span>
    </p>
   </div>
   <div class='ocr_carea' id='block_1_3' title="bbox 0 0 1116 3406">
    <p class='ocr_par' dir='ltr' id='par_1_4' title="bbox 0 0 1116 3406">
     <span class='ocr_line' id='line_1_31' title="bbox 0 0 1116 3406; baseline 0 0"><span class='ocrx_word' id='word_1_222' title='bbox 0 0 1116 3406; x_wconf 95' lang='lat' dir='ltr'> </span> 
     </span>
    </p>
   </div>
  </div>
 </body>
</html>
