2208 3402
563 263 596 312 44

217 385 272 436 Non
292 385 376 436 oeulos
396 386 484 442 animo,
504 384 548 435 sed
576 386 685 434 animum
708 383 789 434 oculis
812 397 913 447 aequor,
934 381 978 446 qui

185 475 272 527 eadem
292 491 356 540 quaa
371 490 440 526 mens
458 475 550 534 ridant,
569 477 747 540 quotiensnon
761 473 845 526 vident
862 474 918 524 alia

644 565 906 630 Pnaupistaaaa

218 657 330 708 Facilius
343 658 375 708 ad
394 673 431 716 aa,
452 672 517 722 quaa
534 659 601 714 visa,
619 671 694 721 quam
713 655 745 706 ad
760 655 819 714 illa,
848 670 913 720 quae
931 669 978 706 au·

186 747 239 798 dita
256 753 320 806 sunt,
338 750 427 799 mantis
445 748 513 798 oouli
525 747 647 798 feriuntur.
668 742 978 805 c1c.deorat.a,41'‚1aa.

219 837 338 890 Homines
354 838 462 903 amplius
480 839 558 890 oculis
576 853 650 904 quam
666 837 769 889 auribus
786 837 896 889 credunt.

736 927 941 994 Sna.Epist.6,5.

256 1019 362 1086 Saepius
379 1021 481 1070 inritant
498 1023 592 1072 animos
610 1021 718 1072 demissa
735 1035 881 1085 parantem,

255 1110 333 1171 Quam
343 1127 408 1176 quaa
418 1119 476 1162 sunt
487 1111 567 1162 oculis
577 1111 689 1162 subiecta
698 1111 814 1162 fidelibus
824 1116 848 1162 et
859 1126 922 1176 quaa

204 1247 210 1259 .
259 1203 317 1268 Ipse
334 1202 382 1254 sibi
400 1202 476 1253 tradit
494 1207 625 1268 spectator,
712 1201 776 1252 Hor.
784 1203 815 1253 da
823 1201 854 1252 A.
861 1201 891 1252 P.
901 1204 957 1254 180.

253 1293 353 1344 Fallunt
371 1309 417 1344 nos
435 1292 502 1343 oouli
516 1294 622 1358 vagique
640 1307 727 1344 sensus

255 1384 381 1452 Oppressa
399 1387 495 1436 rationo
512 1366 670 1434 mentiuntur.

301 1477 406 1526 Parnon.
413 1477 439 1526 iu
449 1475 551 1526 Anthol.
559 1475 614 1525 Lat.
623 1475 651 1524 T.
659 1474 678 1524 Ι.
685 1489 709 1540 p.
718 1477 749 1524 62
762 1474 801 1525 erl.
808 1477 906 1541 Meyer.

220 1566 334 1618 Fallaces
353 1572 411 1618 suut
425 1581 506 1618 rorum
521 1567 626 1630 species,
643 1563 734 1630 quibus
747 1565 878 1615 oredimua

667 1651 722 1707 Sint.
732 1656 763 1707 da
772 1655 826 1706 ben.
835 1659 858 1714 4,
866 1659 907 1712 34.
917 1659 939 1706 1.

220 1747 345 1808 Quaedam
354 1747 420 1800 falsa
429 1751 481 1800 vari
490 1749 598 1813 speciem
608 1745 701 1798 larunt.
724 1747 975 1806 Sandeiraztm.

226 1886 252 1932 3.
265 1886 306 1930 De
318 1886 408 1931 forma
420 1886 447 1930 et
458 1884 674 1938 pulohritudlno.
698 1885 740 1929 Da
752 1885 935 1930 deformitate.

220 1976 317 2027 Gratior
336 1981 374 2026 est
393 1975 497 2041 pulchro
515 1978 615 2027 veniens
631 1977 658 2026 in
675 1990 775 2040 corporo
791 1978 877 2027 virtus.

653 2066 732 2117 Varo.
743 2066 805 2116 Aen.
813 2071 837 2124 5,
845 2069 904 2117 344.

218 2159 305 2208 Forma
315 2157 404 2208 bonum
415 2157 504 2222 fragile
514 2163 552 2209 ast
564 2162 730 2222 quantumque
741 2157 837 2208 aooedit
849 2157 882 2208 ad
892 2173 976 2216 annos,

253 2248 293 2298 Fit
311 2249 390 2297 minor
409 2252 433 2299 et
454 2249 533 2313 spatio
552 2251 662 2314 carpitur
676 2251 732 2314 ipsa
750 2263 801 2299 suo.

658 2338 905 2398 umalama.

219 2429 367 2481 Diuitiarum
386 2435 410 2481 et
430 2429 522 2481 formae
543 2429 621 2494 gloria
645 2430 713 2480 lluxa
730 2433 758 2481 et'
780 2429 878 2494 tranlis
897 2436 942 2482 ast.

672 2510 675 2518 ¹
713 2520 907 2579 Snun.(lat.l‚1.

217 2612 318 2664 Formae
339 2613 448 2677 dignitas
467 2617 510 2662 aut
528 2611 612 2664 morbo
631 2612 771 2664 deflorescit
795 2617 838 2662 aut
854 2615 976 2664 vetustata

185 2705 345 2768 extinguitur.
576 2701 906 2760 uonnaadrlerennaar.

180 2841 194 2876 υ
218 2793 315 2845 Florum
334 2793 430 2844 deoorIs
449 2793 542 2857 singuli
569 2798 672 2859 carpunt
690 2793 752 2844 dias.

416 2882 471 2934 Sar.
479 2884 541 2948 (sive
551 2889 636 2936 auctor
646 2884 719 2948 trag.)
726 2881 810 2935 Ootar.
818 2885 841 2942 2,
851 2885 908 2934 141.
