2174 3400
551 276 598 321 174

210 394 285 446 Curia
303 392 453 459 pauperibus
473 393 558 443 clause
577 401 621 451 est,
644 393 686 443 dat
705 408 792 442 census
811 393 939 443 bonores

626 481 696 533 Ovio.
707 483 789 533 Amor.
798 487 821 541 3,
829 486 853 542 8,
862 488 909 533 55.

417 605 444 648 9.
457 603 498 647 De
511 604 546 646 iis
559 603 608 656 qui
623 603 731 655 parent.

211 695 313 761 Oportet
331 701 356 745 et
374 709 438 750 eum,
457 696 499 757 qui
518 701 602 758 paret,
627 709 726 758 sperare
751 711 777 745 se
802 695 887 758 aliquo
917 703 994 746 tem-

175 800 234 852 pore
249 788 429 850 imperaturum
447 789 472 835 et
489 784 567 841 illum,
587 786 630 847 qui
648 787 759 850 imperet,
778 788 887 843 cogitare
907 785 994 836 brevi
1059 806 1064 815 ·

211 969 257 1018 Est
275 982 370 1018 summa
386 968 448 1017 ratio
466 971 490 1015 et
509 967 631 1030 sapientia
648 965 705 1016 boni
723 968 784 1016 civis
796 967 930 1016 commoda
947 968 990 1016 ci-

176 1060 242 1111 vium
262 1073 310 1108 non
328 1056 447 1107 divellere
465 1061 538 1120 atque
558 1071 641 1106 omnes
658 1059 783 1120 aequitate
801 1057 889 1107 eadem
916 1072 990 1106 con-

175 1151 261 1199 tinere.
604 1146 656 1197 Cic.
665 1148 696 1198 de
706 1147 770 1198 offic.
779 1150 802 1205 2,
812 1150 852 1204 23,
860 1149 902 1196 83.

209 1241 292 1290 Bonus
311 1241 372 1290 civis
390 1238 470 1288 tradet
489 1254 515 1288 so
532 1245 610 1288 totum
628 1238 786 1303 reipublicae.

634 1327 900 1387 Orc.de0ff.1‚25,86.

211 1421 350 1484 Numquam
363 1419 460 1469 inutilis
472 1425 509 1470 est
521 1433 595 1483 opere
605 1419 667 1468 civis
680 1418 744 1468 boni.
782 1419 886 1484 [Auditu
897 1421 982 1476 enim,

176 1509 248 1576 risu]
269 1510 342 1568 voltu,
362 1517 436 1568 nutu,
464 1509 627 1560 obstinatione
646 1512 721 1559 tacite
744 1513 891 1573 incessuque
919 1511 983 1574 ipso

177 1601 283 1668 prodest.
611 1600 901 1663 Ssu.detranq.ari.4‚6.

112 1713 131 1757 ἢ·,
212 1677 346 1742 Facile'est
356 1678 485 1761 impelt'um
497 1691 523 1739 iu
535 1689 618 1740 bonos.
638 1691 729 1740 Prior.
737 1691 793 1740 Mil.
801 1690 861 1753 glor.
870 1695 892 1748 3,
900 1695 923 1748 1,
935 1695 980 1740 17.

390 1813 432 1856 10.
445 1812 486 1855 De
498 1811 631 1855 universo
642 1813 758 1864 populo.

289 1904 323 1938 De
336 1903 486 1944 optlmntlbu·
499 1904 523 1937 et
535 1902 705 1943 potentioribus
718 1903 742 1936 ln
755 1902 859 1936 civitate.

212 1987 353 2038 Plurimum
370 1987 487 2037 momenti
515 1999 618 2050 persone
644 1985 706 2036 solet
724 1985 821 2034 adferre
844 1987 870 2034 iu
892 1985 979 2036 rebus.

660 2075 714 2125 Suu.
725 2076 803 2140 Epist.
811 2077 851 2132 81,
861 2079 900 2125 16.

212 2167 333 2218 Omnibus
358 2167 429 2218 bouis
464 2167 567 2231 expedit
590 2166 684 2218 selvam
711 2181 764 2216 esse
789 2165 978 2230 rempublicam,

178 2258 324 2315 sediliis,
344 2259 386 2321 qui
404 2257 522 2307 fortunati
541 2263 605 2316 sunt,
625 2258 704 2320 magis
724 2257 751 2306 id
767 2265 874 2321 apparet.

649 2345 901 2404 Cic.Phn.13‚8‚1o.

213 2440 307 2490 Natura
326 2437 439 2489 omuibus
458 2439 574 2489 novitatis
593 2439 751 2487 incrementis
777 2437 879 2488 adversa
903 2437 976 2488 nobi-

177 2532 242 2582 litas,
597 2526 902 2587 Qumuru.Declam.3‚18.

214 2608 371 2686 Contemptor
389 2621 485 2669 suimus
506 2623 531 2669 et
550 2617 668 2682 superbie
685 2632 812 2669 commuue
837 2617 976 2670 nobilitatis

178 2713 277 2763 malum.
689 2707 760 2759 Sum.
771 2709 825 2773 Ing.
833 2713 904 2766 64,1.

132 2809 135 2820 ’
214 2801 328 2853 Humiles
346 2799 464 2857 laborant,
482 2799 526 2849 ubi
545 2803 656 2864 potentes
675 2799 805 2849 dissident.

679 2869 788 2918 Pulsus.
799 2875 820 2928 1,
828 2873 869 2928 30,
878 2874 900 2918 1.
