2174 3400
475 281 523 330 193

138 402 247 452 Facilius
265 401 410 453 emendabis
428 403 522 452 minore
546 417 638 465 poena:
664 400 816 466 diligentius
832 407 897 456 euim

101 495 170 551 vivit,
190 495 230 543 cui
249 493 345 557 aliquid
363 494 453 556 integri
466 501 585 557 superest.
601 493 655 542 Suu.
675 493 783 544 deelem.
793 498 863 555 1‚22‚
874 500 895 548 1.

137 583 251 634 Civitatis
271 598 351 634 mores
370 586 450 647 magis
469 585 569 646 corrigit
589 585 897 648 parcitasaniuiadrersio-

99 689 166 723 nuru.
717 674 771 724 Suu.
782 677 798 726 l.
810 677 825 727 l.

138 764 320 816 Verecundiam
340 764 459 828 peccandi
478 763 539 814 facit
555 766 610 829 ipsa
633 765 765 816 clementia
781 771 897 831 regentie.

718 857 772 907 Sur.
785 858 802 907 1.
810 859 827 908 l.

136 948 260 998 Pudorern
267 946 471 997 toltituiuititudo
479 946 733 1012 peccantium.Sun.de
740 947 863 1008 ben.3‚16‚
874 955 895 1001 1.

138 1039 166 1088 ln
184 1053 233 1103 qua
251 1039 350 1088 civitate
369 1052 421 1086 raro
440 1037 551 1088 hornines
570 1040 720 1102 puniuntur,
740 1040 764 1088 in
784 1056 813 1089 ea
839 1056 896 1090 cou-

103 1145 189 1180 sensus
209 1130 235 1180 ut
252 1131 405 1179 innocentiae
423 1135 447 1178 et
469 1128 613 1192 indulgetur
630 1129 697 1179 vetut
715 1129 814 1194 publico
826 1130 896 1182 bono.

542 1217 596 1268 Suu.
605 1218 636 1268 dc
643 1218 713 1268 clem.
723 1223 745 1277 1,
752 1222 793 1278 23,
801 1223 824 1270 2.

139 1309 309 1360 Periculosum
338 1315 375 1360 est
401 1307 530 1360 ostendere
562 1311 670 1368 civitati,
693 1317 785 1373 quanto
812 1311 897 1376 plures

105 1403 162 1452 rnati
182 1403 238 1452 sint.
626 1399 827 1458 Sustineant.

137 1493 224 1542 Minus
250 1493 332 1553 uraris
362 1498 418 1540 nota
448 1499 498 1547 est,
526 1505 599 1554 quam
629 1490 700 1541 turba
726 1491 897 1543 damnatorum

102 1585 172 1636 leuat.
415 1612 417 1615 ·
720 1581 774 1632 Sus.
785 1583 801 1632 i.
809 1583 826 1632 i.

137 1675 239 1726 Gravior
255 1672 333 1722 multo
349 1687 427 1736 poena
446 1671 550 1730 ridetur,
571 1686 635 1734 quae
653 1687 668 1720 a
685 1673 740 1722 miti
765 1675 815 1724 viro
838 1689 895 1724 cou-

102 1768 222 1816 stituitur.
723 1763 825 1813 Sunii.

138 1855 270 1906 Acerbitas
286 1855 432 1919 plerumque
450 1853 587 1902 ulciscendi
605 1852 720 1902 maleficii
740 1860 897 1917 atqueeaute
959 1915 962 1920 Ι

103 1947 201 1998 vivendi
218 1945 351 2010 disciplina
370 1951 415 1995 est.
599 1943 670 1992 tinen.
678 1943 707 1992 N.
715 1943 745 1993 A.
755 1946 825 2002 20‚1.

138 2037 224 2088 Omnis
243 2052 322 2100 poena
340 2051 386 2086 uon
404 2043 453 2084 tarn
480 2033 512 2083 ad
537 2033 654 2082 delictum
680 2036 799 2098 pertinet,
823 2050 897 2099 quam

103 2129 133 2178 ad
154 2127 302 2192 exemplum.
378 2124 655 2188 Quinuru.Dect.214p.
667 2128 714 2174 115
724 2125 825 2189 ed.Bip.

138 2217 221 2268 Habet
238 2217 335 2280 aliquid
352 2232 384 2268 ex
408 2218 492 2279 iniquo
515 2229 586 2264 omne
610 2229 725 2278 magnum
748 2217 896 2281 exemplum,

103 2308 167 2373 quod
186 2314 271 2358 contra
291 2306 403 2370 singulos
422 2305 531 2357 utilitate
554 2304 655 2370 publica
677 2306 826 2370 rependitur.

604 2395 689 2444 Tncrr.
697 2396 761 2446 Ann.
772 2400 811 2454 14,
818 2401 859 2447 44.

139 2489 225 2539 Potest
242 2503 321 2553 poena
338 2487 416 2538 dilata
434 2489 512 2551 exigi,
531 2501 579 2536 non
592 2489 671 2550 potest
681 2491 767 2536 exacta
779 2489 894 2538 reuocari.

571 2577 625 2644 Sur.
637 2576 742 2634 deitati,
750 2579 822 2634 224.

411 2703 446 2737 De
459 2703 585 2745 supputato.

137 2790 225 2842 Occidi
241 2805 290 2840 non
306 2795 344 2840 est
359 2803 445 2853 poena,
464 2788 508 2837 sed
527 2789 618 2838 exitus,
638 2785 721 2844 donn.
729 2785 875 2847 Decl.11‚8.
922 2797 924 2801 '

137 2883 222 2932 Brevis
232 2895 312 2946 poena
324 2882 409 2932 mortis
424 2887 469 2930 est.
481 2876 895 2944 Qurrr.Decl.215p.111ed.Bip.

665 2966 696 3012 13
