2174 3400
493 320 541 367 137

154 437 254 488 Nullius
272 437 330 489 boni
347 439 402 488 sine
420 439 487 488 socio
506 438 616 488 iucunda
633 440 757 502 possessio
776 442 821 489 est.

654 532 693 578 Id.
702 529 781 592 Epist.
790 533 843 586 6,4.

155 620 253 691 Sociunl
271 638 359 690 fallere
377 641 548 704 turpissimum
566 645 610 697 est,
629 645 761 703 propterea
784 641 851 704 quod
871 658 917 692 au-

118 731 209 781 xilium
224 730 272 780 sibi
298 745 325 780 se
349 733 422 794 putat
445 729 592 780 adiunxisse
616 733 659 793 qui
682 744 738 779 cum
763 731 839 781 altero
865 747 917 782 rem

120 821 318 871 communicavit.
354 819 395 870 Ad
414 822 487 871 cuius
504 822 582 884 igitur
598 820 671 870 fidem
690 819 830 886 confugiet,
860 837 917 872 cum

118 925 165 976 per
183 912 238 960 eius
255 910 328 962 fidem
346 910 460 969 laeditur,
480 911 520 960 cui
533 926 559 960 so
578 911 727 961 commiserit
734 910 748 958 ⁶?
773 949 778 959 .
797 949 802 960 .
823 950 828 960 .
848 951 853 962 .
872 911 916 963 So-

119 1001 187 1051 cium
204 1015 290 1052 cavere
309 1002 352 1070 qui
376 999 528 1064 possumus?
549 1015 622 1064 quem
641 1002 756 1050 etiamsi
775 1003 916 1061 metuimus,

119 1092 160 1141 ius
179 1090 256 1142 officii
276 1091 405 1142 laedimus.
442 1093 519 1141 Recte
535 1093 612 1155 igitur
622 1106 687 1149 eum,
707 1093 750 1155 qui
766 1094 859 1142 socium
878 1092 916 1144 fe-

118 1179 234 1240 fellisset,
251 1183 277 1232 in
294 1183 404 1234 virorum
421 1181 540 1232 bonorum
551 1197 653 1232 numero
670 1197 717 1232 non
735 1189 853 1246 putarunt
871 1183 916 1234 ha-

119 1270 175 1322 beri
193 1277 312 1337 oportere.
482 1271 587 1336 Orcpro
596 1273 665 1322 [lose.
673 1271 729 1322 Am.
737 1277 844 1330 40‚117.

113 1396 115 1402 ’
156 1381 243 1434 (lomes
262 1383 384 1434 facundus
402 1385 427 1434 in
446 1385 485 1435 rie
505 1399 548 1449 pro
567 1383 681 1435 vehiculo
701 1390 745 1434 est.

448 1476 523 1525 Pron.
532 1474 587 1524 Suu.
597 1477 626 1524 91
637 1491 660 1538 p.
670 1477 718 1524 267
727 1473 765 1524 ed.
773 1474 845 1526 Ribb.

360 1623 394 1658 De
408 1622 503 1657 omoulta
517 1623 540 1657 et
553 1621 674 1656 conviviis.

155 1705 279 1766 Quosdam
294 1707 413 1764 ridemus,
430 1721 486 1756 oum
502 1721 550 1755 non
564 1705 670 1756 habeant
682 1707 801 1770 ingenuas
813 1723 845 1757 ex
858 1707 917 1759 doe-

120 1799 186 1848 trina
204 1795 392 1855 oblectationes,
419 1797 527 1847 circulos
548 1799 689 1847 consectari.

578 1905 846 1967 Grc.defin.5‚20‚56.

156 1998 240 2050 Sermo
260 2001 286 2048 in
305 1999 408 2050 circulis
425 2003 449 2049 et
467 1998 585 2049 conviviis
604 2003 642 2048 est
659 1997 766 2049 liberior.

598 2087 734 2138 luadAtt.
743 2091 766 2146 2,
776 2091 814 2146 18,
823 2092 845 2138 2.

157 2199 278 2268 [Romani]
297 2199 476 2251 accubitionem
496 2198 623 2264 epularem
637 2201 786 2258 amicorum,
806 2201 865 2264 quia
880 2202 918 2252 vi-

122 2297 161 2344 tae
178 2292 375 2344 coniunctionem
395 2289 508 2348 haberet,
528 2291 666 2342 convivium
684 2291 847 2340 nominammt.

605 2379 657 2430 Grc.
665 2379 717 2432 Get.
725 2384 781 2431 mai.
793 2385 830 2440 13,
839 2385 880 2432 45.

64 2530 69 2540 .
157 2492 328 2544 Gouririorum
345 2492 477 2543 delectatio
497 2507 544 2542 non
561 2489 730 2557 'voluptatibus
739 2494 851 2556 corporis
865 2507 918 2544 nra·

122 2585 168 2649 gis,
181 2598 256 2648 quem
265 2587 338 2634 coetu
347 2583 483 2633 amicorum
495 2587 520 2634 et
530 2581 683 2634 sermonibus
694 2583 827 2635 metienda.
835 2585 874 2632 ld.
882 2582 917 2633 ib.

443 2733 477 2766 D·
490 2730 599 2772 humilio.

157 2817 266 2882 Turpius
284 2816 374 2866 eicitur
390 2829 464 2878 quam
486 2829 533 2864 non
549 2814 688 2864 admittitor
708 2813 805 2878 hospes.

577 2903 647 2956 Ovio.
658 2905 732 2954 irist.
741 2908 764 2962 5,
772 2906 796 2962 6,
805 2907 846 2956 13.
