2212 3406
486 293 553 328 xxxv

123 375 195 436 Quod
211 379 252 430 his
271 379 424 445 principibus
442 383 480 431 sic
497 383 611 432 animatis
623 387 691 431 tuum
705 383 814 432 muneris
831 380 917 432 tuendi

124 468 237 518 studium
252 470 354 534 probare
374 473 484 536 potuisti,
503 487 616 536 magnum
637 487 682 535 ego
700 471 771 522 duco.

161 559 255 610 iunctis
273 561 398 612 amborum
417 564 555 627 principum
573 563 695 628 precibus,
710 578 859 628 quamquam
873 565 917 614 diu

123 649 250 708 haerebas,
272 653 333 716 quid
352 652 455 711 soceros,
471 663 502 711 to,
520 655 553 702 1ni
573 652 672 711 Gumis,
696 654 784 704 deesse
808 670 855 705 non
872 669 917 719 po-

123 743 203 792 tuisse
222 750 245 791 et
263 744 312 792 iarn
329 751 387 794 tunc
404 743 580 807 intelligebam,
597 751 622 795 ct
639 759 704 794 nunc
724 746 822 809 penitus
843 761 918 809 agno-

125 847 176 882 sco.
194 833 331 884 Revocatus
350 836 375 884 in
396 851 449 884 enm
462 834 555 894 urbem,
574 803 917 899 quaete'suumvindicsbat,

124 923 188 972 mihi
205 925 294 974 iterum
311 925 462 976 valedixisti.

162 1013 256 1073 Quodsi
275 1022 344 1065 tuum
362 1033 376 1066 a
394 1019 475 1080 patria
495 1017 633 1068 discessum
652 1023 677 1067 ct
695 1033 710 1066 n
727 1031 767 1066 mc
785 1017 918 1067 seiunctio·

124 1121 180 1154 nem
203 1105 313 1156 dolenter
331 1107 392 1164 tuli,
419 1109 444 1158 in
462 1123 551 1171 magno
577 1109 614 1157 tui
632 1115 777 1172 tuorumque
793 1106 918 1158 desiderio

48 1210 54 1220 “
125 1196 193 1246 haud
217 1212 316 1262 parrum
341 1197 456 1248 solatium
479 1215 511 1248 ex
531 1214 560 1248 ea
583 1198 645 1248 mihi
669 1199 815 1262 cogitatione
838 1203 918 1248 ortum

126 1292 171 1345 est,
195 1289 261 1352 quod
291 1303 390 1353 corpore
420 1295 528 1340 semotus
557 1294 638 1338 mente
662 1290 814 1353 propinquus
838 1286 918 1338 suisti.

125 1377 179 1429 Hoc
194 1377 295 1428 fraterni
316 1381 405 1429 amoris
429 1379 538 1437 vinculo,
564 1380 684 1445 quamdiu
709 1380 819 1430 ir'vcmus
844 1383 919 1443 atque

126 1468 288 1533 spirabimus,
306 1485 350 1519 nos
368 1471 510 1520 coniunctos
524 1469 577 1520 fore
593 1485 641 1520 non
660 1475 698 1519 est
717 1468 782 1532 quod
800 1467 917 1518 dubitem.

126 1559 170 1617 Te,
188 1559 265 1610 frater
284 1562 383 1624 optime,
402 1575 492 1611 numen
512 1574 654 1625 supremum
672 1559 735 1609 mihi
750 1560 850 1623 tuisque
862 1558 919 1608 diu·

123 1651 220 1699 tissime
244 1651 361 1715 sospitem
388 1655 412 1700 et
437 1649 583 1700 incolumem
612 1653 704 1706 servet,
737 1648 918 1699 ardentissimis

122 1739 237 1805 precibus
259 1755 300 1790 oro
322 1755 436 1804 rogoque.
473 1739 543 1790 Vale.
