2208 3402
546 224 605 308 'so

231 380 286 430 Non
301 383 383 443 potest
400 381 426 428 in
445 393 474 428 eo
493 393 549 428 esse
567 393 642 428 sucus
660 378 805 436 diuturnus,
832 377 898 442 quod
914 379 998 429 nimis

198 470 312 520 celenter
323 477 361 519 est
370 472 538 520 maturitatem
545 469 697 518 adsecutum.
705 467 758 518 Orc.
766 467 797 518 de
804 472 864 518 orat.
872 471 998 527 2‚21,88.

230 560 322 612 Nullus
340 566 377 611 est
392 559 460 610 idem
478 560 611 609 diuturnus
636 565 660 608 et
685 572 793 622 praecox
816 557 920 609 fructus.

818 647 892 700 Gnnr.
900 651 923 707 8,
931 654 956 700 5.

233 741 356 792 Inmatura
380 755 495 804 magnum
521 741 648 804 ingenium
672 753 720 788 non
743 739 820 791 vitale
846 745 891 790 est.

709 829 763 879 Snn.
772 829 853 881 Gontr.
866 833 886 887 1,
898 833 919 879 1.

231 923 333 987 Ingenia
351 937 399 988 quo
419 921 563 971 inlustriora
584 922 647 978 sunt,
668 918 780 971 breviora
807 926 871 970 sunt.

647 1009 701 1059 Snn.
709 1010 887 1068 deconsol.23,
895 1014 919 1060 4.

379 1133 405 1174 4.
419 1129 547 1182 Ingenii·
559 1129 673 1173 inimica
685 1129 804 1174 luxuria.

231 1223 301 1274 Nihil
318 1227 356 1272 est
377 1227 427 1271 tam
446 1220 602 1270 mortiferum
618 1222 726 1284 ingeniis
744 1235 820 1286 quam
845 1220 956 1271 luxuria.

593 1310 647 1361 San.
656 1310 738 1362 Gontr.
745 1327 769 1376 p.
778 1314 809 1360 61
818 1311 856 1362 ed.
865 1313 921 1376 Bip.

232 1401 310 1466 Copia
326 1403 450 1466 ignaviam
470 1401 560 1452 adfert.
578 1401 921 1462 Ρ111.Ν.Η.11,14,14,35.

368 1537 393 1580 5.
407 1534 556 1587 Ingenium
568 1538 704 1588 quamtum
718 1509 817 1580 velent.

232 1626 383 1692 Accepimus
403 1627 580 1684 commumoni
598 1625 663 1674 nihil
683 1641 730 1674 uon
747 1625 833 1676 eodem
853 1629 994 1692 quointen-

198 1717 235 1768 dit
255 1722 377 1766 momento
395 1718 508 1780 pervium
525 1721 570 1774 est,
589 1709 713 1766 sideribus
739 1717 897 1775 velociorem,
926 1733 990 1782 qno·
1090 1771 1091 1776 ,

197 1822 255 1858 rum
279 1812 336 1872 post
358 1806 437 1857 multa
462 1807 562 1857 saecula
580 1805 677 1856 futuros
700 1821 788 1856 cursus
815 1807 945 1857 antecedit.

651 1875 918 1935 Snn.deben.2,29,4.
1012 1921 1014 1925 ,

232 1966 287 2016 Non
304 1967 386 2016 minus
403 1971 487 2016 nostre
506 1970 576 2026 sunt,
603 1981 667 2030 quae
691 1967 772 2016 animo
798 1966 993 2032 complectimur,

198 2070 271 2120 qnam
289 2070 353 2120 quae
371 2056 451 2106 oculis
467 2057 600 2107 intuemur.
654 2055 706 2107 Oro.
713 2055 810 2107 odiam.
818 2061 890 2116 5,1n,
898 2061 921 2107 4.

234 2145 340 2196 Liberae
360 2150 417 2196 sunt
435 2148 595 2211 cogitationes
612 2150 709 2196 nostrae
729 2151 835 2212 atquae
853 2149 937 2201 volunt
954 2151 992 2200 sio

197 2236 332 2294 intuentur,
349 2241 378 2286 ut
396 2251 426 2286 ea
445 2251 580 2296 cernamus,
598 2251 663 2301 quae
682 2253 730 2286 non
750 2237 869 2290 ridemus.

657 2305 922 2371 G1o.proMil.29,i9.

473 2395 516 2446 Nil
536 2412 585 2446 non
604 2396 708 2446 mortale
733 2402 844 2448 tenemus

232 2485 344 2536 Pectoris
369 2488 483 2551 exceptis
501 2488 644 2551 ingeniique
662 2486 740 2538 bonis.

657 2575 921 2638 0vm.Trist.3,t,41.

384 2695 411 2741 6.
424 2696 466 2740 De
477 2697 655 2750 ingeniorum
666 2698 803 2742 libertate.

232 2783 395 2850 Cogitationis
424 2803 527 2853 poenam
552 2805 622 2841 nemo
647 2792 749 2854 patitur.
912 2811 916 2826 r

613 2860 715 2910 Uarrus.
722 2859 777 2924 nug.
786 2861 827 2916 48,
836 2862 875 2917 19,
883 2860 922 2908 18.
