2212 3406
373 893 570 970 Lucrinus
597 894 798 972 SALUTEM.

221 1047 293 1122 Cum
313 1071 339 1120 in
358 1086 401 1129 eo,
425 1085 497 1134 quem
518 1071 543 1119 in
567 1070 647 1121 lucam
673 1070 786 1122 editurus
805 1086 873 1130 sum,
896 1069 983 1122 libello

183 1183 231 1218 nen
266 1169 321 1230 ipse
346 1162 469 1214 scribendi
495 1163 631 1228 periculum
660 1163 775 1224 fecerim,
803 1165 847 1215 sed
873 1172 982 1216 veterum

184 1263 325 1312 auctorum,
352 1269 455 1318 quorum
483 1256 615 1304 sententias
639 1255 730 1314 retuli,
755 1254 828 1306 rerba
849 1257 983 1320 posuerim,

184 1349 245 1398 miro
263 1345 369 1410 quodam
388 1359 448 1395 casn
459 1343 557 1400 accidit
576 1349 604 1394 ut
621 1345 750 1409 praefandi
766 1348 838 1396 etiam
857 1348 981 1408 negotium

187 1444 257 1489 vetus
282 1451 325 1501 pro
344 1451 382 1484 me
408 1419 512 1498 scriptol
536 1451 614 1500 paenae
640 1440 716 1486 totum
745 1438 888 1500 susceperit.
919 1435 981 1486 Nam

185 1543 247 1592 quae
267 1525 384 1576 Aurelius
402 1524 556 1574 Theodosius
569 1525 712 1575 Macrobius
723 1525 914 1576 Saturnaliorum
933 1525 982 1575 lib-

184 1633 224 1686 res
239 1617 370 1666 Eustathia
392 1615 442 1664 tilio
469 1617 632 1680 inscripturus
654 1615 684 1666 ad
708 1617 806 1666 doctum
830 1632 891 1680 lapus
909 1631 983 1666 stium

186 1706 405 1758 commendandum
425 1705 533 1770 protulit,
551 1723 580 1755 ea
591 1706 622 1755 ad
641 1721 721 1755 meum
729 1706 858 1756 consilium
878 1708 911 1756 ita
924 1712 983 1756 sunt

186 1797 381 1854 accommodata,
400 1801 426 1845 ut
443 1795 529 1846 eadem
547 1811 592 1860 ego
616 1797 665 1845 mei
690 1795 748 1846 libri
772 1796 983 1848 commendatione

187 1892 254 1938 rec-te
272 1889 309 1936 uti
327 1902 400 1952 posse
418 1886 480 1935 mihi
499 1886 590 1936 videar.

221 1965 252 2026 Id
278 1979 331 2042 egi‚
355 1977 417 2027 haec
442 1985 499 2026 sunt
517 1975 639 2026 Macrobii
664 1979 821 2042 paucissimis
846 1979 982 2026 immutatis

186 2067 272 2126 verba,
298 2073 325 2117 ut
343 2067 463 2131 quicquid
481 2066 542 2115 mihi
566 2068 592 2117 in
617 2067 721 2117 diversis
738 2068 862 2117 Romanae
882 2067 982 2129 linguae

185 2157 351 2209 voluminibus
368 2156 517 2207 elaboratum
537 2162 586 2216 est,
603 2157 629 2206 id
652 2162 728 2208 totum
755 2160 788 2208 sit
806 2157 858 2216 tibi,
876 2160 981 2222 quicun-

187 2261 235 2312 que
252 2248 300 2297 hoc
319 2247 403 2297 libello
421 2249 512 2306 uteris,
531 2249 649 2298 scientiae
669 2247 782 2312 supellex
807 2253 831 2298 et
854 2251 926 2312 quasi
948 2248 980 2300 da

187 2337 294 2402 quodam
313 2337 450 2387 litterarum
467 2354 543 2402 peno,
562 2340 584 2387 si
603 2338 700 2402 quando
724 2353 785 2388 usus
803 2341 896 2389 venerit
919 2339 979 2389 dicti

185 2427 351 2478 memorabilis
370 2429 554 2488 reminiscendi,
571 2427 645 2479 facila
663 2428 689 2478 id
715 2428 761 2479 tibi
787 2431 888 2480 inventu
906 2435 979 2493 atque

186 2517 331 2582 depromptu
356 2518 395 2567 sit.
437 2518 489 2568 Nec
506 2513 637 2583 ‘indigeste
663 2524 785 2583 tamquam
811 2521 835 2570 in
866 2535 980 2570 acervum

185 2608 354 2672 congessimus
372 2607 449 2672 digna
467 2615 615 2668 memoratu,
634 2609 679 2660 scd
694 2611 813 2660 variarum
833 2625 913 2660 rerum
926 2609 979 2660 dis·

184 2696 296 2763 parilitas
314 2699 350 2747 ita
367 2699 393 2747 in
407 2697 530 2764 quoddam
555 2699 653 2763 digesta
678 2714 766 2764 corpus
791 2707 841 2759 est,
865 2706 892 2750 ut
915 2715 979 2764 quae

184 2787 326 2838 indistincte
345 2793 418 2852 atque
434 2791 571 2854 promiscue
586 2789 618 2839 ad
636 2788 775 2840 subsidium
793 2792 924 2841 memoriae
935 2806 979 2840 au-

185 2883 354 2929 notaveramus
372 2881 398 2928 iu
418 2879 528 2930 ordinem
547 2881 624 2930 instar
643 2879 805 2930 manubiorum
824 2880 980 2931 cohaerentia
