2212 3406
543 243 585 312 ¹12

135 339 137 344 Ι
203 360 324 413 Homines
341 347 414 426 quusi
432 362 539 413 cultores
557 367 637 414 terrae
655 363 783 414 constituti
802 377 851 412 non
867 363 968 428 patiun-

169 454 210 502 tur
228 466 282 502 ecm
299 467 346 502 nec
363 453 508 502 inmanitate
525 451 655 503 beluarum
675 450 779 504 ecferant
796 467 843 503 nec
854 453 969 517 stirpium

169 543 302 606 asperitate
319 543 419 602 vastari,
437 557 570 607 eommque
589 542 704 608 operibus
724 524 785 606 agii,
801 542 899 594 insulae
910 541 968 592 lito-

168 645 246 696 raque
264 632 393 684 conlucent
411 633 529 684 distincte
545 635 619 684 tectis
637 637 662 684 et
678 632 790 684 urbibus.

543 722 594 775 Cm.
602 724 633 774 de
644 723 767 776 natdeor.
775 727 799 792 2,
807 725 849 783 39,
858 725 898 773 99.

436 890 461 934 3.
477 887 631 935 Terrenus
644 891 703 935 ulit.

209 999 286 1052 Terra
303 1017 348 1052 nos
368 1007 497 1054 noscentes
512 1005 614 1068 excipit,
631 1008 701 1053 natos
717 1002 763 1054 alit
779 1002 904 1066 semelque
916 1000 972 1052 edi·

119 1077 121 1081 ⁸
171 1093 210 1142 tos
229 1093 335 1144 sustinet
354 1108 457 1158 semper,
472 1095 605 1145 novissime
624 1093 753 1158 complexe
769 1095 870 1158 gremio.

559 1183 903 1242 an.N.H.2‚63‚oo,154.

154 1282 157 1287 '
209 1273 286 1324 'lema
301 1271 421 1336 benigna,
446 1275 528 1332 mitio,
551 1273 684 1338 indulgens
701 1288 812 1338 ususque
829 1273 971 1324 mortalium

173 1346 270 1429 semper
288 1363 386 1422 ancilla,
402 1377 466 1428 qnae
482 1368 567 1414 coacta
578 1370 687 1428 generat,
705 1379 769 1429 quae
782 1368 868 1429 sponte
879 1361 972 1421 fundit,

173 1467 235 1518 quos
254 1453 340 1504 odores
360 1467 522 1518 saperemus,
541 1467 602 1518 quos
620 1468 700 1513 sucos,
719 1468 781 1518 qnos
800 1458 889 1516 tactus,
910 1466 973 1516 quos

173 1543 280 1594 coloresl
304 1557 378 1608 quam
401 1543 466 1594 bona
490 1543 539 1594 lide
557 1543 679 1596 creditum
696 1543 770 1594 fenus
786 1543 881 1594 redditl
908 1556 973 1606 quoe

172 1638 257 1686 nostru
274 1648 349 1684 causo
367 1633 425 1684 alit!
501 1634 901 1694 an.Nat.Hist.2‚63‚63,155.

428 1785 455 1828 4.
469 1783 510 1828 De
523 1786 615 1836 petris
631 1787 715 1830 ternu.

271 1866 361 1945 Nesoi(
377 1888 427 1938 qus
442 1874 524 1925 natale
542 1875 622 1926 solum
638 1875 770 1926 dulcedine
786 1881 871 1941 captos

307 1965 383 2016 Ducit
400 1971 425 2015 et
439 1966 585 2015 inmemores
603 1979 651 2015 uon
667 1966 726 2015 sinit
744 1979 799 2016 esse
817 1966 864 2015 sui.

513 2053 670 2120 OumEpist
678 2055 787 2106 exPont.
796 2059 818 2114 1,
826 2058 850 2114 3,
859 2057 900 2105 34.

206 2145 284 2196 Nemo
306 2147 412 2211 patriam
430 2148 489 2210 quia
506 2161 595 2210 magna
610 2151 648 2196 est
666 2151 740 2207 amat,
760 2144 804 2196 sed
823 2146 882 2210 quis
899 2159 952 2195 sus.

657 2234 801 2300 SunEpist.
809 2239 850 2294 66,
859 2237 899 2286 26.

208 2325 259 2376 Nos
280 2329 305 2376 et
320 2340 374 2376 eam
390 2326 496 2389 patriam
515 2324 642 2384 ducimus,
658 2324 702 2376 ubi
722 2327 788 2384 usti,
807 2329 832 2376 et
848 2325 927 2384 illum,
944 2326 972 2374 in

174 2429 248 2482 quem
265 2416 360 2480 recepti
377 2428 471 2466 sumus.
639 2414 690 2466 010.
697 2415 729 2466 de
739 2415 806 2480 legg.
814 2418 837 2475 2,
846 2417 869 2474 2,
877 2419 901 2466 5.

210 2502 288 2556 Omne
306 2504 386 2555 solnm
402 2503 463 2556 forti
481 2507 562 2571 petris
580 2510 626 2564 est,
644 2510 672 2556 ut
689 2505 801 2572 piscibus
818 2520 916 2571 aequor,

242 2593 275 2645 Ut
289 2593 384 2646 volucri
401 2609 478 2646 vocuo
496 2594 616 2660 quicquid
632 2597 659 2644 in
680 2594 739 2646 orbe
757 2599 832 2661 putet.

659 2682 730 2737 Ovm.
737 2685 803 2736 Fsst.
811 2688 903 2744 1,493.

141 2771 143 2776 '
206 2774 293 2826 Patria
312 2779 351 2826 est
366 2773 517 2838 ubicumque
534 2775 572 2826 vir
588 2771 661 2826 fortis
679 2775 764 2826 sedem
780 2774 829 2828 sibi
847 2776 931 2841 elegit.

766 2863 903 2926 (luendo
