2208 3402
565 295 598 341 74

466 442 509 487 25.
522 443 563 487 De
578 443 702 487 tristitia.

222 534 336 585 Tristitia
352 534 470 604 inhpbilis
488 539 526 586 est
544 535 576 585 ad
591 533 759 600 dispiciendas
776 548 830 592 res,
848 533 922 583 utilia
939 549 987 584 ex-

187 625 325 690 cogitanda,
342 626 482 692 periculose
498 625 606 677 vitands.
643 624 876 683 Sus.declem.2‚6‚
888 627 910 673 l.

221 714 330 767 Difficile
348 720 386 767 est
405 719 471 768 tristi
489 716 581 780 fingere
599 720 681 766 mente
697 717 785 765 iocum.

638 805 910 869 Tmuuu.Eleg.8‚7‚2.

338 927 382 972 26.
396 927 437 970 De
450 927 574 971 sollicito
588 928 616 971 et
628 927 713 971 anxio
726 926 830 970 enimc.

222 1015 323 1083 Semper
340 1017 407 1083 apud
428 1017 548 1069 sollicitos
572 1021 598 1068 in
621 1018 731 1070 deterius
755 1033 832 1083 prona
853 1019 984 1083 persuasio

188 1112 233 1158 est
631 1108 714 1168 Qumu.
722 1109 831 1159 Declam.
842 1113 881 1166 11,
889 1111 913 1158 3.

219 1195 382 1250 Calamitosus
390 1205 428 1251 est
437 1202 533 1250 animus
542 1198 621 1249 futuri
632 1201 729 1250 anxius.
755 1199 810 1250 Suu.
817 1199 897 1264 Epist.
906 1200 982 1258 98,6.

254 1285 320 1338 Cure
341 1326 346 1338 .
366 1327 372 1339 .
394 1289 538 1340 ,interdum
557 1289 627 1339 nulia
643 1289 799 1340 medicabilis
815 1294 874 1348 arte,

254 1375 315 1438 Aut,
333 1383 361 1429 ut
380 1381 419 1438 sit,
438 1379 566 1444 longeest
584 1380 734 1430 attenuanda
751 1395 826 1430 mora.

612 1468 683 1522 Ovm.
690 1485 723 1520 ex
728 1470 800 1520 Pont.
810 1474 831 1528 1,
839 1474 862 1528 3,
871 1473 911 1520 25.

408 1609 450 1654 2‘1.
464 1610 505 1654 Ds
517 1612 593 1655 metu
605 1614 635 1656 et
646 1611 754 1655 timore

218 1703 305 1752 Metus
321 1703 443 1768 interpres
461 1717 557 1768 semper
574 1703 601 1752 in
617 1703 739 1754 deteriora
766 1704 907 1754 inclinatus.

791 1795 895 1846 Lusii.
903 1796 943 1844 46.

218 1882 359 1948 Degeneres
377 1885 470 1933 animos
489 1884 563 1932 timor
576 1886 665 1948 arguit.
683 1885 760 1937 Vnus.
768 1884 909 1942 Aen.4,18.

216 1974 357 2038 Degeneres
375 1973 499 2038 trepidant
517 1976 593 2024 enimi
611 1977 744 2041 peioraque
762 1979 867 2026 versant.

643 2064 733 2114 Lucus.
740 2063 828 2114 Phers.
836 2067 859 2122 6,
869 2067 909 2113 17.

216 2152 341 2218 Epicurus
359 2159 444 2205 censet
455 2155 556 2205 stultum
567 2169 623 2206 esse
633 2154 820 2205 meditationem
831 2152 911 2204 futuri
919 2151 981 2204 ndi

182 2249 226 2296 eut
243 2241 348 2294 sonasse
364 2259 395 2294 ne
411 2243 491 2294 futuri
508 2244 622 2308 quidem:
646 2245 707 2294 setis
723 2259 779 2294 esse
796 2243 909 2294 odiosum
925 2258 980 2294 ma-

180 2333 234 2384 lum
252 2347 331 2391 omne,
350 2347 407 2382 cum
424 2334 540 2384 venisset.
641 2331 695 2384 010.
706 2333 910 2393 Tusc.8‚15,82.

216 2421 294 2488 Saepe
309 2438 340 2473 ne
358 2421 420 2473 utils
440 2422 541 2486 quidem
557 2425 621 2474 scire
639 2423 700 2488 quid
726 2422 840 2474 futurum
863 2425 909 2474 sit:
930 2425 978 2474 mi-

180 2527 265 2566 serum
284 2519 323 2564 est
339 2513 405 2563 enim
424 2511 488 2562 nihil
504 2512 672 2578 proficientem
692 2515 757 2579 angi.

590 2602 643 2656 Orc.
654 2604 686 2655 de
691 2609 741 2654 unt.
749 2604 814 2655 deor.
822 2607 845 2664 8,
854 2608 877 2663 6,
884 2607 908 2654 4.

217 2693 244 2746 Si
263 2693 339 2746 uultis
359 2692 423 2744 nihil
442 2695 536 2753 timere,
565 2695 672 2758 cogitate
689 2696 771 2745 omnis
788 2710 844 2746 esse
862 2691 978 2746 emenus

591 2784 645 2836 Sus.
652 2786 708 2836 Nat.
715 2784 813 2846 Quaest.
821 2788 845 2844 6,
852 2787 876 2844 t,
884 2788 908 2834 3.

216 2875 289 2926 Ratio
308 2879 424 2925 terrorem
440 2874 604 2940 prudentibus
621 2877 724 2926 excutit.
794 2879 835 2925 Id.
841 2874 875 2926 ib.
884 2879 907 2926 1.

1089 519 1091 616 t
