2174 3400
553 289 601 337 188

218 406 322 459 Seuerus
340 409 367 458 iu
383 408 519 459 iudicando
543 410 588 472 qui
612 408 674 458 alins
696 408 722 458 iu
748 422 777 458 se
802 420 901 458 severos
921 419 980 458 esse

181 497 278 549 iudices
295 512 344 548 non
358 499 413 550 vult
429 513 484 550 esse
501 514 550 549 uem
567 503 656 564 potest.

505 587 904 654 G1c.deimp.GnP0mp.18‚38.

218 675 291 728 Soleo
308 679 396 730 audire
412 682 439 730 in
457 684 579 745 potestate
601 694 655 730 esse
681 679 773 730 iudicis
795 677 894 728 mollire
920 691 980 729 sem·

183 771 286 821 tentiam
305 776 329 821 et
346 772 432 821 mitius
449 770 582 830 vindicare,
601 784 675 833 quam
687 769 774 820 iubent
791 769 866 833 leges.

621 838 755 890 Anausnnn.
762 839 840 906 Epist.
849 841 907 888 158.

214 930 291 982 Nema
308 936 354 989 est
375 932 420 995 qui
438 932 478 982 sui
495 929 603 996 periculi
623 930 701 982 iudex
720 929 825 980 nonsibi
835 944 862 980 se
873 929 980 994 aequiu-

181 1033 327 1086 remquam
345 1034 387 1072 rec
405 1020 531 1087 praebeat.
648 1018 700 1072 Gne.
711 1021 907 1086 pr0Deiot.2,4.

217 1110 296 1162 Decet
312 1126 377 1170 eum,
403 1114 447 1177 qui
470 1111 571 1172 iudicat,
594 1110 700 1178 probare
723 1111 784 1176 quid
799 1112 826 1161 in
848 1109 927 1160 simili
950 1123 980 1160 re
1059 1097 1060 1130 ³

181 1201 236 1267 ipse
251 1198 362 1252 facturus
378 1200 463 1254 fuerit.
666 1199 826 1261 OuranDeel.
835 1205 857 1258 3,
866 1203 906 1250 10.

216 1291 310 1343 Iudicis
326 1297 364 1343 est
384 1309 482 1358 semper
499 1296 526 1344 in
545 1295 627 1344 causis
645 1307 731 1344 varum
747 1293 825 1356 sequi.

608 1361 660 1413 Orc.
671 1361 772 1412 deoific.
784 1364 807 1419 2,
816 1364 855 1418 14,
863 1365 904 1411 51.

215 1450 292 1517 Apud
308 1451 399 1504 bonum
423 1451 532 1503 iudicem
557 1462 701 1517 argumenta
718 1452 776 1518 plus
798 1465 873 1516 quam
899 1455 980 1503 testes
1061 1439 1062 1446 ¹

180 1541 269 1593 valent.
630 1541 776 1608 Graderep.
787 1547 808 1600 1,
816 1543 857 1599 38,
865 1545 905 1592 59.

216 1632 311 1683 Iudicis
321 1631 429 1684 officium
446 1637 529 1683 estut
547 1647 594 1692 res,
611 1635 647 1683 lta
665 1638 873 1698 temperaremus

216 1722 346 1782 Quaerere.
642 1722 906 1781 (imminenter.

215 1812 263 1873 Qui
280 1814 367 1864 statuit
384 1813 480 1878 aliquid
497 1818 570 1880 parte
588 1815 701 1866 inaudita
722 1813 806 1872 altera,

215 1903 329 1968 Aequum
349 1903 407 1954 licet
428 1906 548 1962 statuerit,
568 1903 635 1954 hand
655 1920 749 1969 aequus
768 1901 824 1954 fuit.

677 1994 731 2046 San.
739 1995 807 2045 Med.
816 1997 839 2053 2,
849 1997 905 2045 199.

215 2082 317 2136 Omnem
335 2087 447 2136 veritatis
464 2085 626 2150 inquirendae
648 2088 767 2136 rationem
788 2083 865 2136 iudex
884 2086 979 2136 omittit

180 2181 314 2240 occupatus
333 2173 481 2226 adfectibus.
660 2175 811 2236 Quiriniust.
819 2177 841 2232 6,
851 2177 873 2233 2,
882 2178 905 2226 6.

178 2294 463 2340 ennoematicae.
489 2294 530 2339 Da
545 2295 716 2342 dedentem.
748 2295 790 2340 Da
804 2294 977 2340 monle.

351 2365 594 2412 Deluduntur-ando.
620 2367 662 2411 De
675 2367 808 2419 periurio.

216 2459 367 2509 iudiciorum
385 2459 449 2507 ratic
467 2457 561 2522 duplex
579 2465 629 2508 est:
648 2472 705 2508 nam
724 2473 756 2508 ex
775 2459 931 2508 waratone
951 2461 977 2507 et

179 2548 322 2601 defensioue
344 2551 447 2606 censat,
466 2561 569 2612 quarum
589 2550 636 2599 etsi
653 2547 803 2599 laudabilior
826 2553 864 2598 est
888 2546 975 2598 delen-

179 2643 225 2700 sio,
244 2645 325 2692 tamen
342 2641 420 2691 etiam
441 2640 567 2688 accusatio
584 2639 687 2704 prubata
703 2653 823 2704 persaepe
841 2645 886 2690 est.

612 2707 903 2768 O1c.deoflic.2‚1t49.

212 2798 274 2848 Rem
293 2797 451 2850 manifestam
468 2798 568 2850 infitiari
589 2801 703 2866 angentis
729 2804 767 2850 est
792 2800 899 2856 crimem,
925 2811 974 2847 uon

177 2888 303 2938 diluentis.
683 2889 901 2954 Pnn.Epist.4‚9.
