2212 3406
514 263 546 309 17

163 379 189 432 Si
210 396 299 432 causac
324 396 372 432 non
394 382 553 446 reperiuntur
576 395 665 440 rerum,
691 395 731 433 res
753 387 836 433 tamen
857 385 930 448 ipsae

127 471 251 524 observari
262 471 474 536 animadvertique
483 477 594 537 possunt.
618 471 670 523 Oro.
679 473 710 523 de
720 473 795 524 divin.
804 475 827 532 2,
836 476 876 534 21,
884 478 926 525 47.

163 562 281 614 Ouriosus
301 567 424 628 spectator
440 564 536 613 excutit
556 563 655 626 singula
673 569 697 613 et
722 565 826 628 quaerit.

500 652 555 702 Sor.
562 653 617 703 Nat.
625 652 723 712 Quaest.
731 653 808 718 praef.
818 657 857 704 11.

178 770 204 816 3.
217 769 297 814 Antio
311 780 397 822 opera
411 780 475 814 oum
487 771 590 813 natiue
602 779 662 814 non
675 771 878 822 comparando.

162 860 271 910 Meliora
285 865 342 910 sunt
357 877 392 919 ea,
411 874 475 924 quaa
493 865 587 918 natura,
612 874 686 924 quam
707 859 760 919 illa,
786 875 850 924 quae
875 865 931 912 arto

129 949 241 1016 perfecta
253 955 316 1000 sunt.
501 949 553 1000 G1o.
561 948 592 999 de
601 954 650 1000 nat.
657 949 723 1000 door.
732 953 755 1009 2,
763 954 804 1008 34,
816 953 857 1001 87.

164 1040 234 1100 Quod
251 1043 279 1091 in
296 1039 412 1106 operibus
432 1045 570 1090 nostrarum
588 1042 677 1090 artium
692 1056 780 1092 manus
796 1041 884 1102 efficit,
901 1041 930 1093 id

130 1131 208 1182 multo
218 1131 375 1181 artificiosius
387 1135 474 1180 natura
483 1129 568 1181 officit,
586 1130 637 1182 C1c.
646 1131 678 1182 de
690 1148 713 1182 n.
728 1132 795 1182 deor.
804 1135 827 1191 2,
837 1135 877 1184 22.
886 1137 929 1184 5⁷.

308 1266 336 1309 4.
349 1263 471 1309 Naturae
483 1265 607 1308 maxima
619 1265 747 1310 motor.

165 1356 220 1407 Non
237 1355 269 1406 od
285 1370 360 1404 unam
383 1359 472 1404 natura
495 1353 599 1404 formam
625 1370 687 1419 opus
713 1369 786 1405 sunm
810 1359 927 1420 praestat,

130 1446 174 1498 sed
194 1448 250 1512 ipsa
266 1448 385 1498 varietate
401 1461 428 1495 se
442 1447 525 1495 iactat.
568 1446 623 1495 Son.
636 1446 823 1506 Naronem,
833 1450 856 1497 5.

164 1537 263 1601 Ignorat
272 1542 374 1586 naturae
387 1538 522 1600 potentiam
535 1538 579 1600 qui
590 1535 631 1586 ilii
647 1552 695 1587 non
706 1541 778 1602 putat
790 1537 930 1602 aliquando

130 1628 207 1678 licere
223 1629 273 1678 nisi
290 1626 357 1691 quod
380 1627 480 1691 saepius
504 1625 572 1676 fecit.
652 1626 895 1688 Snn.Nat.Qu.ibid.

166 1719 236 1769 Nihil
259 1720 285 1767 in
308 1717 382 1768 rebus
410 1717 525 1767 humanis
550 1718 627 1768 voluit
651 1733 706 1768 csse
733 1731 815 1769 rernm
841 1723 931 1769 natura

131 1813 182 1860 tam
198 1809 287 1866 simile,
306 1807 372 1872 quod
390 1823 438 1858 non
458 1807 543 1872 aliqua
560 1810 709 1874 proprietate
729 1813 877 1860 secerneret.

583 1894 667 1954 anrr.
674 1895 742 1946 Decl.
751 1898 774 1954 8,
785 1898 824 1946 12.

361 2029 386 2073 5.
400 2029 522 2072 naturae
535 1995 701 2080 amnicae.

168 2123 235 2172 Bene
252 2122 382 2171 aestimata
398 2124 500 2168 naturae
517 2117 672 2180 indulgentia
681 2118 820 2168 confitearis
830 2136 933 2174 neccsse

133 2219 172 2264 est
190 2214 216 2262 in
233 2212 331 2263 deliciis
350 2216 375 2260 te
392 2209 431 2259 iiii
449 2207 535 2259 fuisse.
590 2207 644 2258 Sar.
651 2207 682 2258 de
692 2207 747 2258 ben.
756 2212 779 2269 2,
787 2211 860 2269 29‚5.

188 2329 215 2373 6.
228 2327 335 2372 Natura
346 2336 405 2370 non
418 2335 448 2368 se
464 2324 658 2368 accommodat
672 2326 708 2369 ad
721 2326 875 2372 hominem.

169 2417 213 2469 Sui
231 2419 293 2468 iuris
312 2431 395 2467 rerum
417 2421 505 2465 natura
529 2420 567 2464 est
591 2431 637 2465 nec
661 2415 693 2465 ad
718 2416 787 2481 leges
808 2417 929 2470 humanas

133 2510 298 2574 componitur:
315 2505 387 2556 modo
405 2509 526 2571 properat,
542 2505 615 2555 modo
632 2510 689 2556 vota
706 2509 849 2571 praecurrit.

435 2596 490 2646 Srr.
498 2593 580 2646 Gontr.
587 2612 611 2661 p.
621 2599 650 2644 17
655 2600 668 2645 7
679 2595 718 2646 ed.
725 2597 780 2662 Bip.

325 2715 350 2760 7.
364 2715 471 2760 Natura
485 2712 589 2766 optima
601 2711 743 2764 matiam.
827 2704 830 2707 ’

170 2799 193 2851 Δ
217 2815 298 2852 rerum
324 2804 411 2850 natura
440 2811 486 2847 non
515 2794 628 2845 deerrare
654 2799 678 2843 et
702 2793 734 2844 ad
756 2795 826 2846 iilius
848 2797 930 2861 legem

135 2887 325 2953 exemplumque
340 2885 441 2936 formari
459 2883 581 2949 sapientia
588 2886 633 2932 est.
652 2880 930 2945 San.devit.beat.3‚8.

715 2970 729 3017 2
