2174 3400
466 265 513 309 175

124 385 221 444 Quanto
245 365 383 450 superiores
410 398 501 440 sumus,
526 389 593 433 tanto
618 399 661 432 uos
688 398 801 446 geramus
827 381 887 431 sub-

85 478 200 527 missius,
524 473 816 530 Cio.deoffio.1,26.90.

126 558 205 618 Omne
219 569 295 616 animi
313 568 399 618 vitium
419 571 485 616 tanto
505 568 662 629 eonspectius
685 567 711 614 iu
729 581 755 613 se

128 658 228 710 Crimen
246 657 328 715 habet
347 661 438 722 quanto
456 658 534 707 maior
553 659 597 721 qui
616 663 701 722 peooat
724 655 835 705 habetur.

581 747 662 798 luvra.
673 746 721 796 Sat.
729 749 752 803 8,
762 749 818 796 140.

127 843 158 893 In
175 857 292 892 maxuma
309 839 408 891 fortuna
426 841 536 888 minuma
554 837 654 888 lieentia
677 845 722 888 est.

428 929 526 980 Gnosia
532 929 596 994 apud
604 928 662 979 Sall.
670 927 722 978 Cat.
730 929 771 984 51,
781 932 820 977 13.

130 1023 201 1072 Haeo
219 1022 331 1072 condicio
357 1023 510 1085 superiorum
533 1030 577 1077 est,
603 1027 630 1070 ut
654 1018 774 1083 quioquid
797 1017 892 1068 faciunt

92 1115 239 1180 praecipere
260 1113 396 1162 videantur.
536 1109 619 1170 Quian.
632 1111 740 1161 Deolam.
749 1115 772 1167 3,
782 1114 821 1160 15.

132 1205 181 1254 Dat
198 1204 295 1255 veniam
314 1204 400 1260 eorvis,
420 1208 495 1252 vexat
513 1216 618 1252 censura
638 1201 770 1252 columbas.

603 1292 683 1343 iuvas.
695 1293 744 1343 Sat.
752 1296 775 1352 ἱ),
784 1298 824 1344 63.

134 1384 292 1450 compertum
310 1391 348 1436 est
366 1384 518 1434 humillimos
536 1399 647 1448 quosque
660 1387 774 1442 maxime,
791 1383 835 1435 ubi
844 1385 894 1436 aita

99 1481 264 1536 accesserunt,
282 1475 398 1542 superbia
414 1479 489 1538 atque
503 1475 635 1526 ambitione
651 1475 788 1526 inmodioos
813 1491 876 1526 esse.

485 1567 578 1616 Aaron.
590 1566 661 1616 Vror.
670 1565 776 1616 deans.
784 1570 824 1617 39.

132 1659 255 1724 Asperius
274 1657 338 1708 nihii
355 1663 392 1709 est
409 1657 506 1714 humili,
525 1671 581 1706 oum
603 1659 682 1720 surgit
701 1659 725 1706 in
746 1657 834 1707 altum:

136 1749 231 1802 Cuncta
245 1749 312 1806 ferit,
331 1748 390 1798 dum
410 1753 498 1798 ouuota
514 1749 591 1805 timot,
611 1748 721 1799 desaevit
741 1751 767 1798 iu
782 1765 872 1806 omnes,

135 1840 167 1889 Ut
186 1855 212 1890 so
230 1855 303 1904 posse
320 1845 423 1904 putent3
442 1855 486 1890 neo
505 1839 579 1889 belua
597 1841 699 1888 taetrior
717 1838 769 1889 uila
788 1845 833 1896 est,

139 1928 215 1988 Quam
233 1931 299 1979 servi
316 1929 397 1980 rabies
419 1931 446 1978 in
464 1928 543 1980 libera
560 1939 629 1994 terga
646 1929 758 1980 furentia.

453 2019 585 2069 Cunuornr.
596 2021 622 2069 in
632 2021 733 2086 Eutrop.
744 2023 832 2078 1,181.

205 2146 239 2180 De
252 2144 407 2179 multitudine.
433 2145 467 2180 De
480 2145 557 2187 vulgo.
583 2146 616 2180 De
629 2145 799 2181 humilioribua.

142 2229 281 2294 Numquam
300 2229 331 2278 ad
351 2231 528 2279 contumaciam
551 2231 605 2293 pari
623 2244 743 2279 consensu
768 2231 900 2280 multitudo

108 2321 249 2386 prorumpit,
267 2319 310 2370 sed
329 2315 463 2381 iuoitaitur
482 2335 496 2368 a
514 2321 607 2384 paucis,
626 2322 669 2384 qui
691 2323 805 2371 vitiorum
824 2323 901 2372 soelo-
956 2307 992 2388 &i

110 2425 211 2475 rumque
226 2412 397 2460 inmunitatem
414 2419 514 2475 sperant
531 2425 632 2475 peooare
652 2426 706 2460 oum
727 2413 846 2476 piurimis.

594 2501 685 2552 Vaur'r.
693 2503 721 2552 R.
730 2505 766 2552 M.
775 2507 798 2560 3,
809 2507 831 2552 4.

146 2595 216 2644 Mota
232 2592 310 2643 semel
328 2591 460 2641 multitudo
479 2591 578 2642 modum
593 2607 640 2642 nou
658 2601 745 2644 serrat.

358 2683 412 2732 Sar.
420 2683 481 2733 Exo.
490 2681 571 2734 Gontr.
583 2687 605 2741 3,
614 2686 637 2733 8.
645 2701 668 2748 p.
679 2684 772 2734 liOed.
780 2685 834 2748 Bip.

146 2773 197 2823 Non
218 2787 314 2838 semper
333 2773 415 2823 danda
439 2775 556 2838 pecunia3
580 2774 723 2838 languescet
749 2774 842 2839 alioqui
866 2776 905 2824 in·

117 2862 215 2922 dustria,
233 2864 375 2914 intendetur
393 2864 511 2926 socordia,
532 2867 554 2915 si
572 2865 656 2916 nulius
676 2881 709 2916 ex
728 2880 754 2915 so
772 2870 852 2915 metus
864 2871 907 2916 aut
