2208 3402
557 266 606 312 114

456 419 589 454 studiorum
601 419 709 454 versem.
1078 331 1080 452 1

218 506 250 556 Ut
275 509 354 555 terrae
377 504 453 554 variis
476 505 627 568 mutatisque
654 504 803 562 soricibus,
829 506 865 554 ita
885 505 993 568 ingenia
1080 506 1081 576 i

183 599 265 648 nostre
282 610 347 645 nuuc
365 594 413 644 hec
431 609 497 643 nunc
515 593 561 644 ille
575 594 735 645 meditatione
752 595 900 645 recoluntur.

731 683 885 749 PuruEpist.
894 687 917 742 9,
926 688 951 734 7.

402 811 456 847 Non
468 812 544 846 omnia
557 811 625 846 simui
638 811 767 846 irnotsndt.

219 899 274 948 Non
290 899 371 948 omnia
389 911 520 961 possumus
538 912 629 946 omnes
671 897 774 948 Vuuoru.
783 897 868 961 Eclog.
876 899 899 954 8,
909 900 950 947 63.

220 989 347 1051 Nusquam
366 989 462 1050 estqui
483 987 575 1052 ubique
594 994 638 1039 est.
709 988 914 1053 scrupetis.

218 1079 251 1128 Ut
270 1080 348 1129 setius
366 1093 443 1128 unum
462 1078 558 1142 aliquid
576 1080 715 1143 insigniter,
734 1093 808 1143 quem
827 1078 911 1129 fecere
928 1078 990 1144 plu-

185 1170 249 1219 rime
264 1169 429 1226 mediocriter,
447 1171 483 1218 ita
500 1169 608 1234 plurime
625 1169 790 1227 mediocriter,
810 1170 832 1218 si
848 1170 991 1233 nonpossis

645 1259 714 1309 Purr.
722 1259 802 1324 Epist.
811 1262 834 1316 9,
843 1261 914 1316 29‚1.

351 1406 404 1441 Non
415 1413 476 1441 nove
488 1413 580 1447 tempsi·
592 1405 696 1447 proferri
709 1407 813 1447 ponunt.

218 1491 320 1542 Nullum
339 1495 377 1540 est
394 1491 444 1539 iem
463 1489 564 1547 dictum,
584 1488 650 1552 quod
670 1503 718 1538 non
738 1489 833 1538 dictum
858 1491 890 1540 sit
907 1491 988 1554 prius,
1086 1530 1087 1548 ,

615 1579 723 1628 Treuir.
730 1579 791 1644 prol.
799 1579 863 1629 Eun.
871 1583 912 1629 41.

408 1705 540 1740 studiorum
552 1705 643 1740 motus
655 1705 758 1740 iucundi.

219 1793 279 1845 Gato
298 1791 363 1842 dixit
379 1790 518 1840 litterarum
544 1787 642 1838 radices
667 1803 761 1840 amares
786 1805 854 1848 esse,
887 1789 987 1842 fructus

183 1883 350 1936 iucundiores.
472 1878 538 1929 Giro
548 1878 614 1943 opud
621 1879 728 1928 Drouso.
736 1895 759 1944 p.
768 1881 818 1929 289
826 1880 865 1931 ed.
872 1881 985 1940 Putsch.‚

531 1967 618 2032 fragm.
626 1973 686 2048 orat.
694 1969 732 2018 ed.
740 1970 829 2019 Meier.
836 1986 859 2034 p.
871 1971 911 2020 89.

463 2095 548 2130 Fonte!
560 2094 606 2136 ipsi
618 2094 727 2129 adeundi.

216 2183 293 2235 'Perdi
318 2183 413 2247 ingenii
438 2183 475 2230 est
500 2177 593 2229 rivulos
619 2179 768 2236 consectari,
800 2178 880 2229 fontes
898 2194 983 2231 rerum

182 2290 232 2326 non
246 2273 338 2326 ridere.
640 2267 945 2328 010.de0rat.2,2r.1lr.

216 2364 314 2416 Gratius
333 2377 365 2412 ex
385 2362 439 2426 ipsc
462 2359 530 2410 fonte
553 2359 672 2409 bibuntur
695 2373 781 2422 equee.

613 2448 802 2500 Orru.exPont.
811 2452 865 2510 uo,
875 2451 915 2500 18.

372 2594 497 2630 motem
509 2592 627 2628 hominum
639 2592 787 2628 existimatio.

215 2680 319 2734 Artibus
336 2678 451 2744 ingenuis
471 2677 584 2740 quaesita
601 2679 639 2728 est
656 2675 735 2740 glorie
752 2676 845 2728 multis.

605 2764 676 2817 Orru.
686 2782 719 2818 ex
726 2767 797 2818 Pout.
805 2771 829 2827 2,
837 2772 860 2827 7,
868 2771 909 2818 47.

216 2857 292 2920 Quem
310 2861 493 2912 venerationem
511 2856 712 2924 praeceptoribus
730 2859 792 2909 meis
811 2857 901 2916 debeo,
921 2874 980 2910 een-
