2174 3400
539 251 587 297 136

202 368 280 419 Omne
299 368 353 426 hoo,
373 369 439 432 quod
457 369 533 426 vidos,
561 383 608 432 quo
638 368 723 418 divina
752 371 824 432 atque
853 367 977 418 humana

166 447 283 510 oouolusa
297 463 362 516 sunt,
379 473 456 509 unum
469 465 514 518 est,
534 458 646 509 membra
657 473 741 508 sumus
753 460 861 523 oorporis
871 461 975 523 magni.

167 549 262 600 Natura
281 563 325 599 nos
345 555 461 613 cognatos
479 550 566 608 edidit,
588 565 645 600 oum
663 565 694 598 ux
712 550 802 600 iisdem
820 555 844 600 ot
868 551 893 599 iu
921 565 975 600 ea·

166 639 223 690 dem
241 642 360 704 gigneret.
396 641 467 691 Haeo
486 640 556 691 uobis
573 653 680 690 amorem
698 640 788 690 indidit
807 619 974 690 mutuum-et

168 729 298 781 sociabiles
317 729 385 780 feoit.
649 729 703 780 Suu.
713 730 792 795 Epist.
801 733 841 787 95,
850 733 890 780 52.

202 841 282 892 Homo
295 848 331 892 ost
345 842 436 893 sociale
448 841 540 892 animal
552 848 576 892 et
589 844 615 892 iu
627 856 755 892 commune
767 843 872 905 genitus,
891 856 971 892 mun-

170 932 229 984 dum
244 937 272 982 ut
288 948 361 982 uuam
378 935 486 982 omnium
502 933 600 983 domum
610 938 711 998 spectat.
721 936 761 981 Id.
770 932 801 982 do
809 932 862 982 beu.
874 937 967 991 7‚1,7.

202 1023 296 1073 Natura
313 1023 436 1073 hominem
455 1023 572 1074 oonoiliat
592 1024 686 1073 homini
704 1023 777 1072 etad
802 1024 918 1073 orationis
940 1037 967 1072 et

169 1114 202 1164 ad
222 1116 286 1164 ritae
306 1116 448 1164 societatem
472 1154 477 1164 .
498 1153 503 1163 .
523 1153 554 1164 ..
580 1113 752 1178 impellitque,
780 1117 808 1163 ut
836 1114 967 1164 homiuum

170 1209 254 1255 coetus
272 1209 297 1254 et
314 1205 494 1256 celebrationes
512 1210 537 1255 et
554 1220 607 1255 esso
624 1210 649 1256 et
667 1221 681 1254 a
699 1221 725 1255 se
744 1203 808 1254 obiri
825 1204 891 1254 velit.

652 1293 814 1346 ommeoffie.
825 1299 877 1353 1‚4‚
887 1297 926 1352 ιθ,
965 1281 973 1291 '

203 1382 282 1433 Homo
300 1386 328 1434 iu
346 1385 497 1436 adiutorium
515 1391 628 1436 mutuum
645 1387 744 1447 genitus
760 1389 806 1435 ost.

660 1475 891 1534 Ssu.doiral,5‚2.

204 1561 255 1621 Quo
273 1563 323 1614 alio
343 1566 390 1614 tuti
410 1579 502 1621 sumus,
522 1581 595 1630 quam
613 1567 680 1630 quod
697 1568 790 1616 mutuis
817 1567 968 1616 adiuvamur

169 1649 278 1703 officiis?
652 1657 907 1714 Id.deben.4‚18‚l.

204 1743 274 1793 Nulli
283 1759 331 1794 non
341 1746 373 1795 ad
384 1747 521 1796 uouendum
535 1749 595 1798 satis
612 1750 699 1798 uirium
709 1753 754 1798 ost.
771 1749 964 1812 Id.Ep.105,4.

204 1833 275 1884 Nihil
292 1840 340 1885 tam
359 1836 455 1886 firmum
474 1842 518 1895 est,
536 1840 577 1888 oui
602 1839 743 1904 porioulum
760 1853 808 1888 non
832 1839 864 1888 sit
889 1839 965 1888 etiam

170 1922 202 1974 ab
219 1925 334 1976 invalido.
758 1928 832 1979 duur.
841 1933 863 1986 7,
871 1930 894 1978 8.

375 2075 432 2110 Sunt
444 2077 522 2118 plures
535 2071 654 2114 societatis
666 2077 758 2119 maduo.

206 2157 302 2210 Gradus
319 2160 404 2223 plures
423 2167 479 2211 sunt
505 2164 629 2212 societatis
656 2163 789 2212 hominum.
825 2161 858 2210 Ut
871 2159 901 2210 ab
919 2159 965 2210 ills

169 2248 267 2299 infinita
284 2250 432 2309 discedatur,
451 2253 551 2316 propior
569 2259 606 2302 est
624 2251 735 2303 eiusdem
755 2253 850 2314 gentis,
885 2251 963 2300 natio-

171 2340 225 2399 nis;
244 2377 249 2388 .
269 2377 274 2388 .
296 2378 302 2389 .
322 2342 427 2392 interius
452 2349 489 2392 est
513 2341 625 2393 eiusdem
650 2357 702 2393 esse
731 2343 844 2392 civitatis.
881 2339 965 2390 Multa

170 2435 228 2481 sunt
249 2430 344 2482 oiribus
361 2433 427 2483 inter
444 2449 471 2484 se
491 2435 635 2492 communia,
656 2471 661 2482 .
681 2471 687 2482 .
707 2470 713 2482 .
733 2431 923 2482 consuetudines
940 2435 966 2482 et

170 2518 351 2573 familiaritates
383 2524 518 2588 multisque
543 2539 597 2573 oum
627 2523 712 2574 multis
741 2537 781 2572 ros
808 2524 965 2586 rationesque

170 2615 318 2662 contractae.
601 2611 892 2671 Gic.deoffio.1,17‚53.

315 2761 349 2796 De
361 2761 425 2796 anolo
437 2763 461 2796 et
474 2762 614 2798 eonvrotoro.
639 2761 674 2796 Do
686 2759 818 2796 comitibus.

207 2843 347 2908 Numquam
364 2845 457 2908 singuli
479 2860 572 2895 sumus.
597 2843 651 2895 Suu.
663 2841 964 2906 Quaest.Nat.4praef.2.

1064 446 1083 631 l
