2212 3406
1 2221 3 2288 l

1 2293 3 2348 l

537 261 569 309 25

224 378 361 432 Credebant
379 380 426 431 hoe
442 380 535 445 grande
553 379 624 432 nefas
645 385 670 431 et
689 384 766 431 morte
790 378 916 445 piandum,

222 469 250 521 Si
267 472 365 522 iuvenis
383 471 467 523 vetulo
484 486 533 522 nou
551 472 733 532 adsurrexerat,
751 475 776 521 et
796 471 819 520 si

222 561 328 612 Barbato
346 563 494 626 cuicumque
512 576 580 627 puer.
640 560 877 618 reversorum.

223 653 317 717 Magna
335 651 385 702 luit
404 652 527 718 quondam
546 654 635 718 eapitis
652 654 789 704 reverentia
808 653 871 709 oeni,

257 742 335 808 Inque
345 757 389 793 suo
398 744 479 808 pretio
487 757 550 807 ruga
559 743 646 794 senilis
658 749 717 794 erat.
730 742 801 794 Ouo.
809 742 875 793 Fast.
883 744 950 800 5,57.

192 834 331 884 Temeritas
349 839 387 884 est
403 833 512 885 florentis
529 836 627 892 aetatis,
647 835 780 900 prudentia
793 834 950 885 senescentis.

644 925 697 977 Orc.
704 925 736 975 de
747 941 797 975 seu.
805 929 828 982 6,
837 927 877 975 20.

188 1014 254 1066 Seris
274 1016 341 1067 venit
358 1030 418 1066 usus
437 1015 469 1066 ab
487 1017 565 1066 annis.
654 1014 724 1068 Ovm.
733 1018 795 1066 Met.
804 1019 827 1074 6,
838 1017 878 1066 28.

534 1185 569 1229 V.

193 1287 244 1330 DE
257 1285 376 1331 vmu
393 1287 624 1333 BRvauaum.
650 1289 700 1332 nn
720 1287 914 1333 'rumosas

422 1359 672 1406 Pensmoruu.

356 1466 380 1509 1.
393 1465 434 1509 De
446 1465 580 1518 temporis
592 1465 745 1510 velocitate.

189 1553 294 1605 Labitur
309 1555 405 1606 occulte
424 1554 540 1620 fallitque
560 1556 668 1607 volatilis
690 1563 765 1616 aetas

186 1645 220 1697 Et
237 1646 302 1697 nihil
322 1651 360 1698 est
379 1649 450 1698 aunis
468 1647 584 1699 velocius.
622 1646 761 1699 Ovro.Met.
773 1651 881 1708 10‚519.

189 1735 294 1788 Labitur
310 1737 407 1788 oeoulte
424 1736 539 1803 fallitque
558 1737 675 1789 volubilis
692 1744 767 1797 aetas,

221 1829 254 1878 Ut
272 1827 339 1880 eeler
362 1828 479 1880 admissis
503 1829 595 1880 labitur
618 1831 697 1880 amnis
722 1832 800 1894 aquis.

608 1918 678 1971 Orro.
684 1919 767 1971 Amor.
778 1923 799 1979 1,
807 1923 830 1979 8,
839 1925 879 1972 49.

189 2010 310 2076 Tempora
329 2009 446 2062 labuntur
465 2012 598 2075 tacitisque
616 2012 768 2060 senescimus
786 2013 864 2070 anuis,

218 2101 252 2152 Et
271 2101 372 2166 fugiunt
388 2100 458 2152 freno
477 2117 526 2152 uon
547 2104 683 2152 remorante
702 2101 764 2152 dies.

638 2190 879 2251 Omo.Fast.6‚ltl.

185 2281 219 2333 Ut
237 2281 270 2332 ad
289 2281 385 2342 damna,
403 2284 439 2332 ita
462 2281 494 2332 ad
515 2283 667 2334 incrementa
689 2283 804 2349 rapidum
828 2285 950 2351 veloxque

151 2376 250 2438 tempus
265 2377 311 2423 est.
480 2371 573 2423 Saudo
585 2388 651 2424 eous.
670 2374 798 2425 adMare..
808 2378 847 2433 16,
857 2379 880 2424 7.

203 2522 229 2567 2.
244 2503 365 2576 rampo·
380 2523 559 2576 praeteritum
575 2534 729 2578 numquam
744 2525 901 2571 aversans.

149 2641 153 2660 ,ι
185 2613 267 2664 Horae
287 2651 292 2663 .
314 2651 320 2663 .
346 2613 438 2664 sedunt
454 2617 479 2665 et
504 2613 558 2665 dies
583 2620 607 2665 et
630 2629 728 2666 mansas
753 2620 777 2665 et
802 2616 872 2674 anui,
904 2629 951 2666 neo

153 2706 314 2770 praeteritum
330 2708 428 2770 tempus
445 2719 562 2770 umquam
582 2708 727 2764 revertitur,
754 2721 800 2757 neo
826 2705 888 2770 quid
911 2719 950 2758 se·

150 2798 240 2860 quatur
256 2795 316 2845 seiri
335 2799 427 2860 potest.
605 2795 880 2853 Gro.Gat.mai.19‚69.

184 2885 261 2936 Nemo
280 2899 307 2935 se
324 2885 418 2936 iudicat
436 2888 569 2952 quiequam
591 2887 694 2946 debere,
719 2888 763 2952 qui
787 2892 885 2953 tempus
909 2903 950 2939 ae·
