2212 3406
562 281 620 315 1x11

195 369 293 418 iustitia
312 371 467 420 sanctissime
486 369 678 427 administratur,
695 383 775 418 mores
794 367 825 418 ad
842 367 990 432 elegantiam

197 458 292 508 exculti
312 464 460 524 spectantur,
472 463 509 519 et,
529 475 592 524 quae
610 461 657 510 hac
668 464 747 510 aetate
757 473 805 509 non
819 459 922 508 minima
933 457 991 508 laus

197 553 242 608 est,
258 549 417 602 mediocritas
434 550 479 600 illa
496 551 643 609 dominatur,
661 552 687 600 iu
705 564 754 613 qua
768 549 990 614 Peripateticorum

197 642 320 704 sapientia
337 643 435 692 virtutis
455 641 543 691 solium
564 640 702 692 collocarit!
723 640 792 690 Haec
807 641 884 704 igitur
902 638 933 688 de
947 651 992 688 nr,-

196 729 235 780 bis
251 735 348 782 nostrae
369 731 508 784 conditione
528 731 572 782 ilio
590 733 645 798 ipso
657 736 766 796 tempore
785 731 884 794 scripsit
903 725 992 779 Fride·

195 822 263 871 ricus
282 821 424 881 Iacobsins,
441 828 466 873 et
483 825 583 888 scripsit
607 823 743 873 verissime.
768 820 817 871 Sed
835 819 901 884 qnod
920 818 990 869 aliud

196 917 249 962 tum
265 915 418 978 propositum
436 911 542 964 habebat
561 915 599 963 vir
608 913 843 978 praestantissimus,
858 926 906 960 non
924 909 993 960 dixit

197 1001 338 1053 desummo
355 1002 399 1053 illo
415 1003 486 1062 bono,
505 1002 570 1067 quod
588 1003 659 1053 nobis
671 1003 790 1066 obtigisse
808 1007 833 1053 et
849 1003 992 1052 etiamnunc

198 1099 319 1143 servatum
339 1109 395 1144 esse
414 1108 471 1144 vere
489 1093 629 1157 gloriamur,
649 1091 787 1144 libertatem
807 1093 864 1142 dico
881 1094 993 1142 sentien-

197 1183 224 1234 di
243 1183 344 1234 dicendi
363 1183 488 1236 scribendi
506 1184 610 1234 docendi
628 1199 691 1248 quae
703 1185 759 1248 quis
769 1164 840 1234 velit:
859 1198 922 1247 quae
933 1185 992 1247 qui·

197 1274 254 1325 dem
272 1274 382 1334 libertas,
401 1289 456 1325 cnm
474 1276 570 1338 integra
587 1287 684 1340 semper
703 1279 727 1324 et
742 1273 851 1332 illibata,
871 1278 991 1338 quantum

196 1380 242 1432 per
262 1369 358 1416 nostros
376 1367 501 1430 principes
529 1364 614 1424 licuit,
637 1369 705 1416 essct
722 1363 840 1415 Gothanis
866 1377 993 1422 concessa,

197 1469 286 1522 parens
306 1460 330 1506 et
349 1455 416 1506 velut
435 1457 588 1520 procreatrix
606 1457 690 1506 extitit
706 1455 776 1505 illins
795 1453 892 1514 laudis,
916 1469 991 1518 qnam

197 1547 302 1598 honesta
314 1545 440 1597 doctorum
458 1546 584 1596 hominum
599 1545 631 1596 de
649 1545 739 1596 litteris
757 1545 819 1596 bene
834 1543 992 1610 promerendi

198 1639 299 1688 certatio
318 1651 407 1702 parvae
425 1637 485 1686 huic
502 1635 557 1686 urbi
575 1638 678 1702 peperit.

232 1725 293 1778 Gom
311 1731 335 1778 te
352 1728 429 1793 patris
449 1731 505 1778 vota
520 1729 609 1792 patriis
627 1726 720 1778 laribus
733 1726 849 1778 reducem
862 1724 990 1778 reddidis-

198 1822 260 1877 sent,
280 1831 327 1868 non
346 1819 440 1882 petenti
458 1833 547 1868 munus
564 1817 722 1876 offerebatur,
738 1817 804 1881 quod
822 1822 847 1868 et
866 1819 926 1866 satis
944 1816 991 1866 ho·
1087 1855 1088 1858 ¹

196 1909 324 1958 noritieum
343 1913 409 1958 esset
427 1913 452 1958 et
468 1908 562 1958 aditum
582 1907 628 1958 tibi
644 1907 794 1972 patefaceret
811 1907 842 1956 ad
858 1905 989 1971 ampliores

197 1999 326 2062 dignitatis
342 1998 441 2063 gradus.
480 1997 528 2049 Sed
546 1998 611 2063 quod
629 1998 676 2049 tibi
696 1998 783 2049 cedere
801 1997 906 2049 debebat
924 1997 989 2048 alius

197 2087 306 2152 quidam,
325 2103 380 2138 cum
398 2103 446 2152 quo
466 2103 514 2138 una
531 2093 635 2139 aetatem
646 2089 758 2153 degeres,
776 2091 827 2152 qni,
844 2091 990 2154 prinsquam

197 2183 224 2228 tu
240 2177 329 2243 pedem
345 2177 484 2237 inferebas,
508 2193 597 2228 munus
620 2181 670 2228 iam
693 2185 743 2229 erat
766 2181 904 2242 ingressus,
932 2191 988 2228 cnm

196 2267 275 2318 nolles
299 2283 331 2318 ex
350 2268 452 2318 alterius
470 2268 624 2318 incommodo
641 2275 708 2318 tuam
726 2271 878 2319 occasionem
897 2275 990 2334 petere,

195 2357 265 2410 illam
284 2365 353 2422 sporn
372 2361 483 2422 protinus
495 2357 616 2408 abiecisti.
635 2358 711 2409 Cuius
726 2359 831 2418 consilii,
849 2359 915 2424 quod
932 2361 989 2410 uni·

197 2459 225 2495 ce
241 2449 266 2494 te
284 2443 395 2502 decebat,
415 2443 502 2494 bonam
516 2459 575 2495 mox
595 2444 675 2494 tulisti
693 2443 796 2509 frugem.
824 2447 885 2496 Nam
903 2445 990 2496 Fride·

195 2532 247 2581 rico
265 2529 385 2589 Iacobsio,
405 2532 449 2595 qui
467 2530 549 2594 qualis
567 2545 636 2580 esses
652 2530 726 2596 plana
739 2539 894 2597 perspectum
912 2531 989 2584 habe-

196 2615 252 2676 bat,
269 2615 383 2681 Augusto
404 2616 462 2667 duci
481 2617 576 2668 eteius
595 2616 751 2668 consiliorum
769 2620 844 2670 sociis
864 2624 913 2668 tam
932 2633 988 2683 gra·

195 2704 259 2754 riter
276 2711 375 2768 tamque
392 2702 526 2768 diligenter
536 2704 720 2755 commendatus
738 2719 774 2762 es,
794 2710 822 2754 nt
840 2706 924 2755 statim
942 2704 988 2755 sub
1087 2689 1088 2696 ¹

195 2791 304 2854 ipsorum
334 2789 412 2840 oculis
440 2791 580 2840 tirocinium
606 2805 717 2857 poneres.
755 2789 847 2850 Quodsi
874 2805 988 2856 magnam

196 2889 269 2941 quam
287 2889 397 2926 moveras
415 2879 609 2942 expectationem
627 2892 675 2928 non
688 2876 834 2936 destituisti,
850 2891 939 2942 magna
956 2893 989 2928 ex
