2208 3402
560 276 592 324 62

215 399 304 464 Aequo
326 399 407 448 animo
425 399 514 461 excipe
532 395 678 447 neeessaria.
715 393 857 458 San.Epist.
865 395 905 451 99,
913 394 955 443 22.

213 489 284 540 Nihil
302 495 354 540 tam
373 487 490 540 acerbum
508 493 558 546 est,
586 489 613 536 in
632 501 679 550 quo
698 501 746 535 non
764 499 858 549 aequus
877 485 979 534 animus

180 579 299 631 solacium
313 581 429 632 inveniet.
645 577 700 627 San.
708 576 739 627 de
746 583 824 640 tranq.
834 578 874 632 10,
880 578 903 624 4.

213 671 306 736 Utique
324 671 432 722 secunda
451 674 562 734 expecto,
580 669 653 718 maiis
671 673 771 732 paratus
790 681 851 716 sum.

665 758 903 822 San.Epist.88‚li.

214 852 317 904 Nullum
346 849 438 902 bonum
463 851 564 902 adiuvat
587 850 733 908 habentem,
764 850 813 898 nisi
843 849 875 898 ad
903 849 977 898 ouius

183 945 340 994 amissionem
358 947 520 1008 praeparatus
534 947 572 992 est
590 943 695 991 animus.
729 938 784 989 Sin.
793 939 876 1004 Epist.
884 941 907 998 4,
915 943 938 990 6.

215 1032 284 1093 Quod
303 1033 356 1085 nult
377 1033 466 1093 habet,
484 1035 528 1098 qui
546 1032 610 1083 velle
628 1031 694 1097 quod
713 1032 774 1080 satis
794 1035 832 1080 est
850 1033 940 1094 potest.

487 1124 562 1174 Peon.
571 1122 626 1173 Sia.
636 1127 686 1172 443
695 1138 718 1187 p.
728 1120 823 1171 noted.
830 1120 903 1170 Ribb.

215 1213 362 1274 Considera,
387 1219 479 1280 quanto
497 1213 629 1265 antecedas
649 1213 734 1278 plures
751 1225 826 1277 qnam
853 1211 973 1276 aequarit.

655 1303 902 1361 Saadeiraatm.

467 1411 501 1467 1³¹0
520 1431 684 1468 moderatione.

213 1516 354 1567 Moderatio
372 1521 475 1568 vocatur
490 1518 596 1580 ignavia.
679 1515 733 1566 San.
740 1517 820 1582 Epist.
829 1521 902 1576 toa,

213 1605 372 1658 Continentia
390 1612 414 1658 et
432 1607 568 1658 moderatio
585 1606 649 1657 bona
667 1613 725 1658 sunt
737 1609 764 1657 in
776 1607 898 1658 altissima
912 1623 974 1673 qua-

179 1713 227 1763 que
245 1696 344 1749 iortuna
365 1699 506 1748 eminentia.
748 1696 822 1748 Goon.
831 1703 854 1758 6,
862 1702 902 1750 20.

446 1840 472 1884 6.
485 1840 527 1883 De
539 1841 583 1884 aui
595 1851 698 1886 amore.

210 1930 287 1982 Suum
304 1933 394 1996 cuique
412 1930 544 1996 pulchrum
564 1935 607 1981 est.
637 1929 899 1990 &amoenata

210 2021 301 2072 Aliena
328 2021 407 2079 nobis,
434 2026 519 2072 nostra
544 2020 602 2084 plus
628 2021 684 2070 aliis
712 2021 819 2086 placent.

517 2111 593 2162 Pena.
604 2111 659 2162 Sia.
668 2114 682 2162 9
690 2128 713 2177 p.
722 2114 772 2162 262
781 2113 819 2163 ed.
827 2111 899 2163 Ribb.

210 2201 288 2252 Suum
305 2203 395 2266 cuique
411 2202 494 2268 piacet
512 2206 543 2262 et,
562 2217 717 2268 quocumque
735 2207 812 2262 eatur,
830 2201 917 2254 fabula
929 2219 971 2254 ea-

177 2291 234 2342 dem
253 2293 382 2356 reperitur.
531 2293 600 2343 Pnnt.
608 2294 739 2344 Nat.Hist.
750 2297 788 2351 14,
797 2298 820 2353 6,
828 2296 851 2353 8,
860 2297 899 2344 71.

210 2401 333 2468 Quiipsus
340 2403 388 2454 sibi
395 2406 455 2454 satis
462 2405 552 2468 piacet,
559 2404 974 2471 neoprobusestneoirugibona03

210 2491 257 2553 Qui
274 2495 346 2558 ipsus
367 2509 393 2544 se
411 2497 552 2552 contemnit.
570 2497 597 2546 in
617 2511 646 2548 eo
664 2503 702 2548 est
720 2496 817 2547 indoles
826 2496 971 2547 industriae.

614 2587 706 2638 Paion.
715 2588 784 2638 Trin.
793 2590 817 2649 2,
827 2590 850 2646 2,
857 2590 899 2636 40.

175 2725 200 2772 7.
213 2725 306 2781 Dotis,
320 2727 369 2782 qui
382 2729 460 2773 sorte
473 2739 524 2774 aua
537 2730 664 2774 contenti
678 2729 752 2774 aunt.
765 2730 806 2773 De
818 2729 864 2783 ita,
880 2729 930 2782 qui
941 2727 972 2772 in

357 2801 435 2846 sorte
448 2811 499 2846 aua
512 2812 572 2846 non
585 2801 783 2855 adquiescunt.

209 2889 302 2940 Laetus
323 2894 388 2941 sorte
406 2895 449 2942 tua
461 2893 529 2944 vives
538 2892 672 2956 sapienter.
689 2891 751 2941 Hoa.
758 2891 839 2954 Epist.
850 2894 872 2948 1,
882 2893 921 2949 10,
928 2893 970 2940 44.
