2212 3406
498 273 567 310 mir

133 363 205 424 parte
222 359 249 410 id
271 359 347 411 debes
364 359 483 428 Adolpho
501 362 533 414 de
551 362 623 423 Hoff,
643 377 717 428 quem
734 368 800 414 recte
818 361 931 414 fortunae

133 453 192 500 tuae
210 453 281 514 qnasi
301 451 404 502 alterum
423 452 500 504 habea
517 463 650 520 parentem.
679 455 741 505 Nam
757 456 865 520 optimus
888 453 930 504 hic

133 540 222 600 homo,
245 544 316 592 cuius
341 557 428 594 nomen
452 546 526 594 etiam
547 560 580 594 ex
610 547 756 610 scriptorum
779 545 931 609 praestantia

133 630 227 682 clarum
246 631 339 682 lactum
358 639 404 691 est,
424 634 504 684 sicubi
523 634 586 685 duce
604 649 665 701 opus
684 639 736 686 erat
754 650 784 685 ac
802 636 929 693 monitore,

135 735 237 785 gressus
257 729 312 774 tuos
332 725 385 774 01110
403 727 469 775 rexit
486 725 598 776 consiliis
608 739 740 790 earumque
758 739 847 783 rernm,
866 739 929 788 qnae

133 811 166 860 ad
183 827 273 862 munus
296 819 366 863 tuum
384 816 546 879 pertinerent,
576 814 693 866 benevole
726 815 825 866 edocuit
848 829 928 865 usum.

133 901 206 952 Idem
222 905 248 952 in
258 904 411 967 gravioribus
426 908 541 970 negotiis,
560 921 623 970 quae
641 906 744 956 alterius
760 905 930 956 adiumentum

133 991 317 1053 desiderabant,
336 1001 402 1046 tuam
420 994 469 1047 sibi
487 995 636 1046 commodari
656 995 733 1046 voluit
751 1010 857 1061 operam.
887 994 930 1046 Sic

133 1098 197 1134 anno
221 1082 420 1136 duodevicesimo
444 1086 518 1137 huius
546 1086 639 1137 saeculi
662 1085 799 1137 recordaris
824 1092 848 1136 te
874 1100 929 1136 cum

133 1172 218 1224 Hoifio
235 1174 371 1226 Vimariam
387 1192 443 1227 esse
460 1179 572 1236 missum,
589 1176 634 1228 ubi
652 1192 708 1227 cum
730 1177 787 1226 aliis
804 1178 831 1226 in
850 1178 930 1227 0101-

134 1267 211 1316 vitate
228 1265 379 1330 pollentibus
396 1267 517 1331 dignitate
534 1269 593 1318 11110
614 1267 718 1318 consilia
733 1269 885 1332 agitarentur
898 1266 930 1318 de

132 1354 262 1406 academia
280 1356 379 1408 lenensi
392 1357 565 1416 instauranda3
582 1357 676 1422 legatos
696 1363 776 1408 autem
794 1359 886 1421 optime
898 1356 930 1409 de

133 1445 183 1496 hac
198 1448 358 1497 universitate
378 1449 608 1505 meruisseconstat,
627 1462 691 1504 cum,
705 1462 754 1512 qua
771 1453 823 1498 arte
840 1447 929 1499 acade-

133 1538 199 1586 miae
217 1535 406 1588 difficultatibus
434 1537 624 1588 succurrendum
651 1545 717 1588 esset
742 1543 766 1588 et
788 1537 930 1602 quomodo

133 1628 158 1677 ei
175 1626 352 1693 opitulandum,
367 1643 413 1678 non
434 1629 514 1679 solum
530 1631 677 1693 reperirent,
695 1627 740 1678 sed
759 1629 833 1678 etiam
855 1641 929 1692 qnam

132 1719 252 1768 radonem
271 1718 402 1770 suaderent
419 1719 552 1770 ineundam
570 1735 626 1770 esse
634 1719 788 1784 principibus
806 1720 859 1770 suis
872 1731 928 1783 pro-

132 1807 226 1858 barent.
252 1809 416 1860 Vimariensis
431 1809 501 1860 illius
519 1811 716 1860 commorationis
733 1824 789 1860 cnm
806 1809 871 1860 aliae
888 1807 929 1859 fn·

132 1905 205 1949 erunt
216 1899 408 1959 commoditates,
427 1906 478 1951 tum
496 1902 639 1965 gratissima
655 1900 725 1958 haec,
743 1899 808 1964 quod
826 1901 853 1949 in
866 1897 928 1949 Goe-

133 1989 181 2040 thii
201 2003 298 2053 quoque
320 1991 432 2040 notitiam
450 1990 564 2042 veniendi
587 1989 631 2040 illo
657 1995 767 2054 tempore
790 1989 836 2040 tibi
860 1988 928 2040 lacta

132 2083 172 2132 est
187 2085 304 2144 potestas,
322 2081 365 2143 qui
384 2081 421 2131 tui
439 2082 557 2130 sermonis
574 2082 694 2130 suavitate
711 2081 747 2130 ita
763 2078 926 2139 detinebatur,

131 2168 234 2234 utplus
253 2169 329 2220 semel
347 2185 410 2234 quae
432 2172 583 2221 10110110οθ0
608 2173 635 2220 in
656 2170 792 2236 pugillares
815 2167 925 2220 referret

131 2259 234 2310 Praeter
255 2260 325 2310 illam
349 2260 498 2326 legationem
519 2276 574 2311 cum
598 2260 648 2312 alia
670 2275 767 2326 quoque
791 2275 855 2324 quae
881 2258 927 2310 tibi

131 2350 346 2402 committebantur
368 2353 469 2402 maioris
492 2353 609 2402 momenti
631 2353 730 2415 negotia
748 2351 823 2402 facile
846 2359 871 2401 et
892 2365 926 2401 ex

132 2443 254 2492 sententia
272 2455 362 2501 eorum,
380 2443 424 2506 qui
441 2441 488 2492 tibi
505 2441 685 2501 mandaverant,
706 2441 839 2507 expedites
858 2455 925 2492 sum-

132 2541 234 2591 mosque
250 2527 316 2587 illos,
335 2543 396 2592 quos
412 2533 485 2580 antea
495 2529 558 2588 dixi,
576 2529 688 2580 homines
701 2527 858 2580 dexteritatis
868 2533 925 2578 tuae

131 2619 157 2665 et
176 2612 290 2665 solertiae
308 2620 384 2665 testes
402 2614 514 2673 haberes,
530 2614 670 2666 factumest
687 2621 779 2665 utnon
796 2615 924 2677 101110110-

131 2699 167 2750 (111
186 2699 319 2752 honoribus
339 2700 492 2765 procederes.

166 2786 219 2838 Iam
238 2787 293 2838 redi
311 2801 416 2845 mecum,
435 2785 529 2845 Garole,
547 2788 574 2836 in
593 2789 734 2838 memoriam
752 2800 844 2846 eorum,
861 2801 925 2851 quae

131 2873 195 2924 mihi
212 2887 257 2940 per
273 2873 337 2924 illud
354 2879 451 2940 tempus
470 2872 616 2938 obtigenmt.
642 2872 746 2936 Aliquot
769 2874 839 2922 annis
857 2878 927 2937 post-
