2174 3400
551 263 600 310 142

212 379 324 432 Ambitio
342 381 432 432 multos
450 382 569 433 mortales
588 381 665 432 falsos
683 382 737 434 fieri
760 383 874 447 subegit,
903 380 977 433 aliud

178 471 291 532 clausum
308 474 334 522 in
354 477 464 537 pectore,
483 473 552 524 aliud
571 475 597 523 in
614 473 702 537 lingna
719 479 859 539 promptum
871 472 976 524 habere.

658 563 773 614 Simusr.
780 562 853 614 Catil.
863 567 902 614 10.

213 653 313 704 Fallere
330 654 472 704 credentem
492 670 540 705 non
559 660 596 706 est
614 670 719 720 operosa
737 654 847 719 pueliam

246 744 338 796 Gloria.
676 743 746 796 Ovio.
755 744 816 795 Her.
829 747 852 804 2,
863 747 902 794 63.

467 896 501 930 Do
518 895 683 930 taciturnitate.

214 982 309 1032 Tacere
318 981 412 1031 homini
422 979 570 1030 facillimum
579 979 657 1031 voluit
665 995 719 1030 esse
728 985 825 1031 natura.
835 978 909 1031 Gonu.
916 985 942 1039 4.
953 985 977 1032 6.

213 1071 298 1136 Digito
316 1085 444 1138 compesce
461 1071 589 1122 labellum.
665 1069 804 1122 IuranSat.
815 1075 902 1129 1,16().

213 1163 295 1227 Loqur¹
311 1161 445 1227 ignorabit,
464 1163 507 1226 qui
526 1171 608 1213 tacere
628 1164 728 1213 nesciet.

332 1253 435 1303 Pruunc.
443 1253 529 1318 Mityn.
539 1253 607 1318 apud
614 1253 703 1303 Auson.
712 1269 736 1318 p.
745 1255 793 1303 148
801 1253 839 1303 ed.
847 1253 901 1318 Bip.

214 1343 315 1394 Eximia
334 1348 372 1394 est
388 1345 467 1395 uirtus
484 1348 612 1408 praestare
630 1343 729 1394 silentia
748 1343 831 1401 rebus,

247 1435 283 1485 At
300 1439 386 1485 contra
403 1435 487 1499 gravis
506 1439 543 1485 est
562 1433 637 1498 culpa
656 1435 761 1484 tacenda
778 1433 854 1498 loqui.

657 1523 726 1575 Ovrn.
734 1523 765 1574 A.
773 1523 803 1575 A.
812 1528 835 1584 2,
844 1528 901 1574 603.

486 1675 520 1709 De
533 1673 661 1709 mendacio.

247 1759 294 1819 Qui
314 1760 432 1810 mentitur
448 1758 516 1810 fallit
532 1763 650 1823 qnantum
666 1773 693 1808 1n
711 1774 738 1809 se
754 1765 791 1808 est
792 1795 900 1807 .....

210 1851 257 1904 Vir
277 1849 355 1901 bonus
371 1855 501 1915 praestare
518 1849 600 1908 debet,
621 1865 652 1899 ne
670 1851 810 1899 mentiatur.

443 1941 472 1991 P.
484 1941 568 1992 Nroro.
576 1941 642 2005 apud
650 1941 722 1990 Gum.
733 1940 761 1990 N.
771 1939 801 1989 Α.
811 1942 850 1996 11,
860 1943 898 1988 11.

209 2031 364 2097 Quicumque
382 2034 451 2096 turpi
469 2029 559 2082 fraude
576 2031 653 2080 semel
670 2031 785 2089 innotuit,

210 2123 294 2174 Etiam
300 2125 322 2172 si
328 2138 415 2174 rerum
421 2123 490 2181 dicit,
498 2123 589 2172 amittit
594 2121 675 2172 fidem.
682 2121 791 2171 Pununr.
800 2121 858 2171 Fab.
868 2125 889 2180 1,
900 2125 939 2180 10,
947 2125 972 2172 1.

211 2213 259 2274 Qui
276 2213 353 2263 semel
372 2216 504 2264 averitate
522 2213 638 2271 deflexit,
665 2213 708 2262 hic
731 2227 780 2262 non
797 2213 891 2263 maiore
909 2212 972 2264 reli-

176 2306 249 2368 gione
267 2304 298 2354 ad
315 2305 455 2368 periurium
471 2319 545 2369 quam
564 2303 596 2353 ad
613 2303 767 2353 mendacium
789 2303 894 2368 perduci
910 2319 971 2354 con-

176 2396 264 2446 suevit.
535 2392 587 2444 Orc.
595 2409 641 2458 pro
653 2393 726 2443 Rosc.
734 2390 801 2443 Gom.
810 2396 849 2452 16,
857 2397 898 2444 46.

210 2501 313 2554 Nullum
332 2506 382 2553 tam
400 2503 523 2568 inpudens
543 2501 699 2552 mendacium
725 2505 775 2559 est,
802 2505 830 2552 nt
848 2507 912 2552 teste
926 2517 968 2552 ca-

174 2598 235 2644 reat.
512 2592 580 2643 Purn.
590 2593 645 2643 Nat.
653 2591 718 2642 Hist.
728 2594 798 2651 8,22‚
806 2595 847 2650 34,
855 2594 896 2642 82.

208 2683 286 2734 Multi
305 2685 464 2743 mentiuntur,
486 2687 513 2733 nt
534 2684 667 2747 decipiant,
686 2682 766 2742 multi,
786 2685 845 2748 quia
870 2657 968 2750 da‘oepti

175 2779 239 2826 sunt.
646 2773 895 2835 Sun.deira2,29,2.

209 2863 277 2924 Quae
294 2865 427 2930 decipiunt,
447 2863 513 2915 nihil
530 2863 623 2916 habeut
641 2864 722 2916 solidi.
741 2868 781 2916 Id.
788 2865 917 2932 Epistid,
926 2869 966 2917 18.
