2208 3402
148 407 334 472 Epicharmium
353 409 418 459 iilud
437 417 521 461 teneo:
552 425 638 462 nervos
662 417 737 476 atque
759 417 827 462 artus
853 429 909 464 esse

109 499 249 562 sapientiae
266 513 315 548 non
332 504 424 551 temere
438 501 545 551 eredere.
583 500 635 552 Cro.
642 501 717 552 Petit.
725 516 791 551 cons.
801 505 840 552 10.

148 587 219 637 Nihil
236 593 274 640 est
290 593 341 639 tam
358 589 462 642 difficile
481 597 506 641 ot
523 592 637 650 arduum,
658 591 723 656 quod
741 607 790 641 non
801 591 909 643 humana

109 692 182 728 meus
199 680 282 729 vincat
294 685 318 731 at
335 681 361 730 in
379 680 574 732 familiaritatem
592 681 712 747 perducat
730 681 837 732 adsidua
855 697 908 733 me-

109 747 207 798 ditatio.
588 752 642 802 San.
650 752 725 802 deira
732 754 805 810 212,
813 756 836 802 3.

147 838 190 888 Nil
220 843 270 888 tam
295 840 399 892 difficile
428 851 479 906 est,
507 845 567 907 quin
597 843 737 908 quaerendo
762 844 908 907 investigari

699 934 802 998 possiet.

534 1003 640 1052 Tarum.
651 1003 741 1052 Heaut.
749 1006 773 1061 4,
782 1004 805 1060 2,
813 1003 836 1052 8.

147 1089 227 1140 Rudis
245 1089 295 1140 fuit
318 1099 454 1157 priscorum
479 1095 529 1146 vita
554 1101 628 1158 atque
653 1095 706 1165 sine
731 1093 835 1152 litteris3
859 1108 907 1144 non

110 1180 193 1228 minus
211 1186 293 1230 tamen
310 1184 463 1247 ingeniosam
483 1183 562 1234 fuisse
587 1186 612 1234 111
637 1184 689 1233 illis
714 1181 907 1234 observationem

111 1270 248 1334 apparebit,
267 1287 341 1336 quam
359 1289 424 1323 nunc
441 1289 496 1325 esse
512 1276 640 1324 rationem.

416 1343 484 1394 Prin.
495 1345 549 1394 Nat.
557 1345 623 1394 Hist.
633 1345 672 1401 18,
680 1345 720 1402 29,
729 1346 770 1401 69,
778 1344 836 1392 284.

147 1427 212 1479 Dum
232 1435 314 1481 omnia
331 1435 481 1496 quaerimus,
500 1433 633 1497 aliquando
652 1433 683 1482 ad
705 1447 797 1491 verum,
820 1434 841 1482 si
860 1434 907 1482 mi-

112 1521 178 1569 nime
196 1524 389 1586 expectavimus
405 1525 568 1588 pervenimus.
587 1522 742 1582 Qummlnst.
752 1525 822 1582 12,8‚
832 1527 870 1572 11.

148 1610 227 1670 inre,
247 1627 310 1676 quae
321 1613 378 1678 plus
399 1614 430 1663 de
446 1615 539 1664 incerto
557 1613 645 1671 habet,
666 1615 794 1664 temeritas
808 1616 907 1678 experi-

113 1703 189 1751 menti
216 1703 294 1752 solam
319 1703 406 1769 probat
438 1704 617 1768 desperationis
650 1704 786 1754 audaciam.

555 1773 639 1833 Qcmr.
646 1773 755 1824 Declam.
763 1775 787 1830 8,
797 1777 835 1822 11.

145 1841 215 1890 Nulli
233 1856 318 1906 sapere
339 1858 399 1893 casu
415 1842 512 1907 obtigit.
614 1843 756 1908 San.Epist.
766 1846 805 1900 76,
815 1846 838 1892 6.

147 1932 202 1982 Nisi
220 1946 265 1996 per
280 1936 304 1982 te
322 1935 411 1998 sapias
428 1933 522 1984 frustra
537 1935 673 1998 sapientem
690 1933 785 1982 audias.

374 2003 450 2053 Pam.
461 2003 517 2053 Sru.
526 2006 573 2052 327
581 2020 605 2067 p.
614 2005 662 2052 279
672 2003 710 2053 ed.
718 2001 836 2052 Ribbeck.

146 2087 216 2136 Licet
233 2102 318 2152 sapere
328 2090 381 2139 siue
396 2104 493 2154 pompa,
513 2091 566 2138 sine
578 2087 679 2140 invidia.
699 2087 754 2138 San.
761 2087 808 2153 Ep.
817 2091 873 2146 103,
881 2091 904 2138 5.

400 2210 426 2254 5.
438 2209 479 2252 De
492 2209 615 2252 veritate.

145 2299 214 2348 Nihil
232 2306 270 2350 est
290 2302 400 2351 veritatis
419 2300 475 2350 luce
493 2300 599 2350 dulcius.
637 2298 904 2358 Orc.Acad.2,10‚3l.

144 2390 237 2440 Natura
255 2390 416 2454 cupiditatem
434 2392 547 2455 ingenuit
569 2391 662 2440 homini
687 2392 738 2442 vem'
762 2390 870 2440 videndi.

567 2460 619 2512 Grc.
627 2461 704 2511 defin.
713 2463 785 2521 2,14,
794 2463 834 2510 46.

145 2545 235 2600 Omnes
253 2549 373 2600 trahimur
392 2555 416 2602 et
431 2551 545 2602 ducimur
563 2551 595 2600 ad
613 2551 762 2614 cognitionis
780 2553 805 2599 et
823 2551 904 2600 scien-

113 2640 159 2690 tiae
177 2639 351 2704 cupiditatem,
382 2643 473 2706 inqua
490 2641 612 2693 excellere
630 2641 762 2705 pulchrum
780 2642 905 2704 putamus,

556 2710 608 2762 G1c.
615 2710 716 2762 deoffic.
729 2711 831 2768 1‚o,18.

145 2798 218 2850 Patet
234 2799 348 2850 omnibus
367 2801 467 2860 veritas,
486 2801 594 2851 nondum
620 2805 658 2852 est
684 2804 816 2864 occupata3
840 2799 905 2849 mul-

114 2893 164 2938 tum
180 2903 212 2938 ex
227 2887 273 2939 iiia
288 2891 363 2941 etiam
378 2889 470 2942 futuris
489 2891 605 2943 relictum
624 2895 668 2942 est.
698 2889 854 2955 Serapam
864 2893 903 2940 11.
