<?xml version="1.0" encoding="UTF-8"?>
<!DOCTYPE html PUBLIC "-//W3C//DTD XHTML 1.0 Transitional//EN"
    "http://www.w3.org/TR/xhtml1/DTD/xhtml1-transitional.dtd">
<html xmlns="http://www.w3.org/1999/xhtml" xml:lang="en" lang="en">
 <head>
  <title>
</title>
<meta http-equiv="Content-Type" content="text/html;charset=utf-8" />
  <meta name='ocr-system' content='tesseract 3.04.00' />
  <meta name='ocr-capabilities' content='ocr_page ocr_carea ocr_par ocr_line ocrx_word'/>
</head>
<body>
  <div class='ocr_page' id='page_1' title='image "./promptuariumsen00seyfgoog_0068.png"; bbox 0 0 2212 3406; ppageno 0'>
   <div class='ocr_carea' id='block_1_1' title="bbox 508 303 538 350">
    <p class='ocr_par' dir='ltr' id='par_1_1' title="bbox 508 303 538 350">
     <span class='ocr_line' id='line_1_1' title="bbox 508 303 538 350; baseline 0 0"><span class='ocrx_word' id='word_1_1' title='bbox 508 303 538 350; x_wconf 82' lang='lat'><strong>19</strong></span> 
     </span>
    </p>
   </div>
   <div class='ocr_carea' id='block_1_2' title="bbox 125 421 923 845">
    <p class='ocr_par' dir='ltr' id='par_1_2' title="bbox 125 421 922 572">
     <span class='ocr_line' id='line_1_2' title="bbox 161 421 922 488; baseline 0.003 -16"><span class='ocrx_word' id='word_1_2' title='bbox 161 422 246 472; x_wconf 84' lang='lat' dir='ltr'><strong>Multa</strong></span> <span class='ocrx_word' id='word_1_3' title='bbox 265 426 328 481; x_wconf 83' lang='lat' dir='ltr'><strong>sunt,</strong></span> <span class='ocrx_word' id='word_1_4' title='bbox 347 437 412 487; x_wconf 82' lang='lat' dir='ltr'><strong>quae</strong></span> <span class='ocrx_word' id='word_1_5' title='bbox 429 437 484 472; x_wconf 87' lang='lat' dir='ltr'><strong>esse</strong></span> <span class='ocrx_word' id='word_1_6' title='bbox 502 421 667 480; x_wconf 79' lang='lat' dir='ltr'><strong>concedimus,</strong></span> <span class='ocrx_word' id='word_1_7' title='bbox 684 422 768 487; x_wconf 79' lang='lat' dir='ltr'>qualia</span> <span class='ocrx_word' id='word_1_8' title='bbox 784 426 841 473; x_wconf 88' lang='lat' dir='ltr'><strong>sunt</strong></span> <span class='ocrx_word' id='word_1_9' title='bbox 852 424 922 488; x_wconf 76' lang='lat' dir='ltr'><strong>igno·</strong></span> 
     </span>
     <span class='ocr_line' id='line_1_3' title="bbox 125 511 850 572; baseline -0.001 -8"><span class='ocrx_word' id='word_1_10' title='bbox 125 527 217 564; x_wconf 77' lang='lat' dir='ltr'><strong>remus.</strong></span> <span class='ocrx_word' id='word_1_11' title='bbox 515 511 633 563; x_wconf 78' lang='lat' dir='ltr'><strong>SunNat.</strong></span> <span class='ocrx_word' id='word_1_12' title='bbox 641 512 738 572; x_wconf 82' lang='lat' dir='ltr'><strong>Quaest.</strong></span> <span class='ocrx_word' id='word_1_13' title='bbox 748 517 770 572; x_wconf 83' lang='lat'><strong>7,</strong></span> <span class='ocrx_word' id='word_1_14' title='bbox 778 516 850 571; x_wconf 78' lang='lat'>25,1.</span> 
     </span>
    </p>

    <p class='ocr_par' dir='ltr' id='par_1_3' title="bbox 126 588 923 845">
     <span class='ocr_line' id='line_1_4' title="bbox 161 588 923 667; baseline 0.003 -13"><span class='ocrx_word' id='word_1_15' title='bbox 161 604 252 667; x_wconf 81' lang='lat' dir='ltr'>Magni</span> <span class='ocrx_word' id='word_1_16' title='bbox 272 601 321 653; x_wconf 84' lang='lat' dir='ltr'><strong>fnit</strong></span> <span class='ocrx_word' id='word_1_17' title='bbox 338 605 414 654; x_wconf 83' lang='lat' dir='ltr'><strong>arrimi</strong></span> <span class='ocrx_word' id='word_1_18' title='bbox 433 617 515 654; x_wconf 88' lang='lat' dir='ltr'><strong>rerurn</strong></span> <span class='ocrx_word' id='word_1_19' title='bbox 539 607 643 653; x_wconf 82' lang='lat' dir='ltr'><strong>naturae</strong></span> <span class='ocrx_word' id='word_1_20' title='bbox 667 602 775 654; x_wconf 82' lang='lat' dir='ltr'><strong>latebras</strong></span> <span class='ocrx_word' id='word_1_21' title='bbox 799 588 923 656; x_wconf 80' lang='lat' dir='ltr'><strong>dimovere</strong></span> 
     </span>
     <span class='ocr_line' id='line_1_5' title="bbox 127 687 923 760; baseline 0.004 -16"><span class='ocrx_word' id='word_1_22' title='bbox 127 709 208 760; x_wconf 90' lang='lat' dir='ltr'><strong>neque</strong></span> <span class='ocrx_word' id='word_1_23' title='bbox 225 699 366 744; x_wconf 82' lang='lat' dir='ltr'><strong>contentum</strong></span> <span class='ocrx_word' id='word_1_24' title='bbox 384 695 501 744; x_wconf 82' lang='lat' dir='ltr'><strong>exteriori</strong></span> <span class='ocrx_word' id='word_1_25' title='bbox 521 695 576 744; x_wconf 88' lang='lat' dir='ltr'><strong>eius</strong></span> <span class='ocrx_word' id='word_1_26' title='bbox 593 698 696 758; x_wconf 81' lang='lat' dir='ltr'><strong>aspectu</strong></span> <span class='ocrx_word' id='word_1_27' title='bbox 713 687 873 759; x_wconf 78' lang='lat' dir='ltr'><strong>introspicere</strong></span> <span class='ocrx_word' id='word_1_28' title='bbox 898 701 923 747; x_wconf 90' lang='lat' dir='ltr'><strong>et</strong></span> 
     </span>
     <span class='ocr_line' id='line_1_6' title="bbox 126 769 904 845; baseline 0.001 -9"><span class='ocrx_word' id='word_1_29' title='bbox 126 785 273 836; x_wconf 82' lang='lat' dir='ltr'><strong>iudeorum</strong></span> <span class='ocrx_word' id='word_1_30' title='bbox 292 789 387 836; x_wconf 75' lang='lat' dir='ltr'><strong>secretu</strong></span> <span class='ocrx_word' id='word_1_31' title='bbox 405 783 562 836; x_wconf 75' lang='lat' dir='ltr'>descendere.</span> <span class='ocrx_word' id='word_1_32' title='bbox 587 783 643 836; x_wconf 81' lang='lat' dir='ltr'><strong>Ser.</strong></span> <span class='ocrx_word' id='word_1_33' title='bbox 650 784 810 844; x_wconf 75' lang='lat' dir='ltr'><strong>NatQueest.</strong></span> <span class='ocrx_word' id='word_1_34' title='bbox 819 789 841 844; x_wconf 84' lang='grc'><strong>6,</strong></span> <span class='ocrx_word' id='word_1_35' title='bbox 849 769 904 845; x_wconf 62' lang='lat' dir='ltr'><strong>ne.</strong></span> 
     </span>
    </p>
   </div>
   <div class='ocr_carea' id='block_1_3' title="bbox 57 874 786 940">
    <p class='ocr_par' dir='ltr' id='par_1_4' title="bbox 57 874 786 940">
     <span class='ocr_line' id='line_1_7' title="bbox 57 874 786 940; baseline -0.003 -14"><span class='ocrx_word' id='word_1_36' title='bbox 57 926 61 932; x_wconf 85' lang='grc'><strong>,</strong></span> <span class='ocrx_word' id='word_1_37' title='bbox 160 875 270 926; x_wconf 78' lang='lat' dir='ltr'>Facilius</span> <span class='ocrx_word' id='word_1_38' title='bbox 290 880 377 926; x_wconf 82' lang='lat' dir='ltr'><strong>nature</strong></span> <span class='ocrx_word' id='word_1_39' title='bbox 393 874 548 940; x_wconf 66' lang='lat' dir='ltr'><strong>intellegunt</strong></span> <span class='ocrx_word' id='word_1_40' title='bbox 564 888 639 938; x_wconf 81' lang='lat' dir='ltr'><strong>quem</strong></span> <span class='ocrx_word' id='word_1_41' title='bbox 651 879 786 925; x_wconf 76' lang='lat' dir='ltr'><strong>enarratur.</strong></span> 
     </span>
    </p>
   </div>
   <div class='ocr_carea' id='block_1_4' title="bbox 126 964 922 1663">
    <p class='ocr_par' dir='ltr' id='par_1_5' title="bbox 126 964 922 1663">
     <span class='ocr_line' id='line_1_8' title="bbox 609 964 850 1030; baseline 0.004 -17"><span class='ocrx_word' id='word_1_42' title='bbox 609 964 850 1030; x_wconf 80' lang='lat' dir='ltr'><strong>Id.Epist.121‚11.</strong></span> 
     </span>
     <span class='ocr_line' id='line_1_9' title="bbox 162 1055 922 1108; baseline 0.004 -3"><span class='ocrx_word' id='word_1_43' title='bbox 162 1056 254 1106; x_wconf 87' lang='lat' dir='ltr'><strong>Rerum</strong></span> <span class='ocrx_word' id='word_1_44' title='bbox 273 1060 361 1106; x_wconf 79' lang='lat' dir='ltr'><strong>nature</strong></span> <span class='ocrx_word' id='word_1_45' title='bbox 379 1069 450 1106; x_wconf 69' lang='lat' dir='ltr'><strong>suere</strong></span> <span class='ocrx_word' id='word_1_46' title='bbox 466 1070 512 1106; x_wconf 79' lang='lat' dir='ltr'><strong>sue</strong></span> <span class='ocrx_word' id='word_1_47' title='bbox 528 1069 576 1106; x_wconf 87' lang='lat' dir='ltr'><strong>uon</strong></span> <span class='ocrx_word' id='word_1_48' title='bbox 594 1055 673 1106; x_wconf 84' lang='lat' dir='ltr'><strong>semel</strong></span> <span class='ocrx_word' id='word_1_49' title='bbox 690 1055 765 1106; x_wconf 79' lang='lat' dir='ltr'><strong>trudit</strong></span> <span class='ocrx_word' id='word_1_50' title='bbox 789 1094 795 1104; x_wconf 88' lang='lat'><strong><em>.</em></strong></span> <span class='ocrx_word' id='word_1_51' title='bbox 818 1095 823 1106; x_wconf 90' lang='lat'><em>.</em></span> <span class='ocrx_word' id='word_1_52' title='bbox 849 1072 855 1105; x_wconf 92' lang='lat'>:</span> <span class='ocrx_word' id='word_1_53' title='bbox 873 1057 922 1108; x_wconf 88' lang='lat' dir='ltr'><strong>ini·</strong></span> 
     </span>
     <span class='ocr_line' id='line_1_10' title="bbox 126 1144 829 1206; baseline -0.003 -8"><span class='ocrx_word' id='word_1_54' title='bbox 126 1147 201 1198; x_wconf 72' lang='lat' dir='ltr'><strong>tintus</strong></span> <span class='ocrx_word' id='word_1_55' title='bbox 218 1162 264 1197; x_wconf 87' lang='lat' dir='ltr'><strong>nes</strong></span> <span class='ocrx_word' id='word_1_56' title='bbox 282 1145 413 1206; x_wconf 84' lang='lat' dir='ltr'><strong>eredimus,</strong></span> <span class='ocrx_word' id='word_1_57' title='bbox 432 1148 459 1198; x_wconf 89' lang='lat' dir='ltr'><strong>in</strong></span> <span class='ocrx_word' id='word_1_58' title='bbox 476 1144 598 1197; x_wconf 82' lang='lat' dir='ltr'><strong>vestibulo</strong></span> <span class='ocrx_word' id='word_1_59' title='bbox 613 1149 668 1196; x_wconf 86' lang='lat' dir='ltr'><strong>eius</strong></span> <span class='ocrx_word' id='word_1_60' title='bbox 685 1145 829 1196; x_wconf 58' lang='lat' dir='ltr'><strong>haeremus,</strong></span> 
     </span>
     <span class='ocr_line' id='line_1_11' title="bbox 571 1235 850 1296; baseline -0.004 -9"><span class='ocrx_word' id='word_1_61' title='bbox 571 1235 626 1287; x_wconf 80' lang='lat' dir='ltr'><strong>Suu.</strong></span> <span class='ocrx_word' id='word_1_62' title='bbox 633 1237 687 1287; x_wconf 80' lang='lat' dir='ltr'><strong>Nat.</strong></span> <span class='ocrx_word' id='word_1_63' title='bbox 696 1235 739 1296; x_wconf 84' lang='lat' dir='ltr'><strong>Qu.</strong></span> <span class='ocrx_word' id='word_1_64' title='bbox 749 1241 771 1294; x_wconf 80' lang='lat'><strong>7,</strong></span> <span class='ocrx_word' id='word_1_65' title='bbox 780 1240 819 1294; x_wconf 85' lang='lat'><strong>30,</strong></span> <span class='ocrx_word' id='word_1_66' title='bbox 828 1239 850 1286; x_wconf 84' lang='lat'><strong>6.</strong></span> 
     </span>
     <span class='ocr_line' id='line_1_12' title="bbox 162 1326 922 1392; baseline 0 -14"><span class='ocrx_word' id='word_1_67' title='bbox 162 1328 217 1378; x_wconf 86' lang='lat' dir='ltr'><strong>Neu</strong></span> <span class='ocrx_word' id='word_1_68' title='bbox 233 1329 308 1378; x_wconf 89' lang='lat' dir='ltr'><strong>unius</strong></span> <span class='ocrx_word' id='word_1_69' title='bbox 325 1332 413 1385; x_wconf 73' lang='lat' dir='ltr'><strong>terrae,</strong></span> <span class='ocrx_word' id='word_1_70' title='bbox 432 1326 477 1378; x_wconf 84' lang='lat' dir='ltr'><strong>sed</strong></span> <span class='ocrx_word' id='word_1_71' title='bbox 496 1329 572 1378; x_wconf 83' lang='lat' dir='ltr'><strong>totius</strong></span> <span class='ocrx_word' id='word_1_72' title='bbox 588 1331 690 1377; x_wconf 75' lang='lat' dir='ltr'><strong>naturae</strong></span> <span class='ocrx_word' id='word_1_73' title='bbox 713 1329 859 1392; x_wconf 75' lang='lat' dir='ltr'><strong>interpretes</strong></span> <span class='ocrx_word' id='word_1_74' title='bbox 880 1343 922 1378; x_wconf 85' lang='lat' dir='ltr'><strong>su-</strong></span> 
     </span>
     <span class='ocr_line' id='line_1_13' title="bbox 127 1417 851 1476; baseline 0 -8"><span class='ocrx_word' id='word_1_75' title='bbox 127 1433 190 1469; x_wconf 84' lang='lat' dir='ltr'><strong>mus.</strong></span> <span class='ocrx_word' id='word_1_76' title='bbox 435 1417 851 1476; x_wconf 75' lang='lat' dir='ltr'><strong>Prn.Nat.ffist.18‚25‚57,2ru</strong></span> 
     </span>
     <span class='ocr_line' id='line_1_14' title="bbox 163 1508 921 1572; baseline 0.003 -14"><span class='ocrx_word' id='word_1_77' title='bbox 163 1510 271 1559; x_wconf 82' lang='lat' dir='ltr'><strong>Naturae</strong></span> <span class='ocrx_word' id='word_1_78' title='bbox 288 1521 370 1558; x_wconf 86' lang='lat' dir='ltr'><strong>rerum</strong></span> <span class='ocrx_word' id='word_1_79' title='bbox 390 1509 428 1558; x_wconf 81' lang='lat' dir='ltr'><strong>vis</strong></span> <span class='ocrx_word' id='word_1_80' title='bbox 447 1511 521 1572; x_wconf 85' lang='lat' dir='ltr'><strong>atque</strong></span> <span class='ocrx_word' id='word_1_81' title='bbox 540 1509 657 1558; x_wconf 79' lang='lat' dir='ltr'><strong>maiestas</strong></span> <span class='ocrx_word' id='word_1_82' title='bbox 681 1510 707 1558; x_wconf 94' lang='lat' dir='ltr'><strong>in</strong></span> <span class='ocrx_word' id='word_1_83' title='bbox 732 1508 845 1560; x_wconf 86' lang='lat' dir='ltr'><strong>erunibus</strong></span> <span class='ocrx_word' id='word_1_84' title='bbox 869 1525 921 1560; x_wconf 85' lang='lat' dir='ltr'><strong>mu-</strong></span> 
     </span>
     <span class='ocr_line' id='line_1_15' title="bbox 127 1597 922 1663; baseline 0 -13"><span class='ocrx_word' id='word_1_85' title='bbox 127 1601 217 1650; x_wconf 85' lang='lat' dir='ltr'><strong>mentis</strong></span> <span class='ocrx_word' id='word_1_86' title='bbox 235 1598 284 1648; x_wconf 89' lang='lat' dir='ltr'><strong>fide</strong></span> <span class='ocrx_word' id='word_1_87' title='bbox 302 1603 376 1657; x_wconf 73' lang='lat' dir='ltr'><strong>erret,</strong></span> <span class='ocrx_word' id='word_1_88' title='bbox 395 1599 417 1648; x_wconf 87' lang='lat' dir='ltr'><strong>si</strong></span> <span class='ocrx_word' id='word_1_89' title='bbox 436 1599 492 1662; x_wconf 92' lang='lat' dir='ltr'><strong>quis</strong></span> <span class='ocrx_word' id='word_1_90' title='bbox 510 1597 582 1648; x_wconf 85' lang='lat' dir='ltr'><strong>modo</strong></span> <span class='ocrx_word' id='word_1_91' title='bbox 599 1602 681 1663; x_wconf 78' lang='lat' dir='ltr'><strong>partes</strong></span> <span class='ocrx_word' id='word_1_92' title='bbox 700 1600 754 1649; x_wconf 90' lang='lat' dir='ltr'><strong>eius</strong></span> <span class='ocrx_word' id='word_1_93' title='bbox 771 1614 801 1650; x_wconf 72' lang='lat' dir='ltr'><strong>ae</strong></span> <span class='ocrx_word' id='word_1_94' title='bbox 819 1614 868 1649; x_wconf 88' lang='lat' dir='ltr'><strong>nun</strong></span> <span class='ocrx_word' id='word_1_95' title='bbox 884 1603 922 1650; x_wconf 85' lang='lat' dir='ltr'><strong>tu-</strong></span> 
     </span>
    </p>
   </div>
   <div class='ocr_carea' id='block_1_5' title="bbox 126 1688 922 2292">
    <p class='ocr_par' dir='ltr' id='par_1_6' title="bbox 126 1688 922 2292">
     <span class='ocr_line' id='line_1_16' title="bbox 127 1688 850 1755; baseline -0.001 -14"><span class='ocrx_word' id='word_1_96' title='bbox 127 1694 178 1741; x_wconf 80' lang='lat' dir='ltr'><strong>tam</strong></span> <span class='ocrx_word' id='word_1_97' title='bbox 194 1689 371 1755; x_wconf 75' lang='lat' dir='ltr'><strong>eompleetatur</strong></span> <span class='ocrx_word' id='word_1_98' title='bbox 391 1690 479 1738; x_wconf 78' lang='lat' dir='ltr'><strong>enimn.</strong></span> <span class='ocrx_word' id='word_1_99' title='bbox 550 1688 620 1738; x_wconf 79' lang='lat' dir='ltr'><strong>Pnnt.</strong></span> <span class='ocrx_word' id='word_1_100' title='bbox 628 1689 682 1740; x_wconf 84' lang='lat' dir='ltr'><strong>Nat.</strong></span> <span class='ocrx_word' id='word_1_101' title='bbox 690 1690 755 1740; x_wconf 84' lang='lat' dir='ltr'><strong>Hist.</strong></span> <span class='ocrx_word' id='word_1_102' title='bbox 765 1694 787 1747; x_wconf 79' lang='lat'><strong>7,</strong></span> <span class='ocrx_word' id='word_1_103' title='bbox 797 1693 818 1748; x_wconf 76' lang='lat'><strong>1,</strong></span> <span class='ocrx_word' id='word_1_104' title='bbox 828 1693 850 1740; x_wconf 80' lang='lat'><strong>7.</strong></span> 
     </span>
     <span class='ocr_line' id='line_1_17' title="bbox 161 1778 921 1846; baseline 0.001 -16"><span class='ocrx_word' id='word_1_105' title='bbox 161 1779 277 1830; x_wconf 82' lang='lat' dir='ltr'><strong>Arduum</strong></span> <span class='ocrx_word' id='word_1_106' title='bbox 294 1785 333 1830; x_wconf 85' lang='lat' dir='ltr'><strong>est</strong></span> <span class='ocrx_word' id='word_1_107' title='bbox 352 1778 383 1830; x_wconf 89' lang='lat' dir='ltr'><strong>de</strong></span> <span class='ocrx_word' id='word_1_108' title='bbox 401 1779 448 1838; x_wconf 77' lang='lat' dir='ltr'>his,</span> <span class='ocrx_word' id='word_1_109' title='bbox 473 1793 536 1844; x_wconf 79' lang='lat' dir='ltr'><strong>quae</strong></span> <span class='ocrx_word' id='word_1_110' title='bbox 554 1781 695 1830; x_wconf 78' lang='lat' dir='ltr'><strong>coniectura</strong></span> <span class='ocrx_word' id='word_1_111' title='bbox 712 1780 839 1846; x_wconf 83' lang='lat' dir='ltr'><strong>sequenda</strong></span> <span class='ocrx_word' id='word_1_112' title='bbox 857 1785 921 1840; x_wconf 80' lang='lat' dir='ltr'><strong>sunt,</strong></span> 
     </span>
     <span class='ocr_line' id='line_1_18' title="bbox 126 1869 849 1936; baseline 0 -16"><span class='ocrx_word' id='word_1_113' title='bbox 126 1869 225 1936; x_wconf 84' lang='lat' dir='ltr'>aliquid</span> <span class='ocrx_word' id='word_1_114' title='bbox 244 1871 305 1922; x_wconf 83' lang='lat' dir='ltr'><strong>uerti</strong></span> <span class='ocrx_word' id='word_1_115' title='bbox 323 1871 472 1935; x_wconf 86' lang='lat' dir='ltr'><strong>promittere.</strong></span> <span class='ocrx_word' id='word_1_116' title='bbox 515 1869 569 1920; x_wconf 78' lang='lat' dir='ltr'><strong>Sur.</strong></span> <span class='ocrx_word' id='word_1_117' title='bbox 577 1871 632 1920; x_wconf 80' lang='lat' dir='ltr'><strong>Nat.</strong></span> <span class='ocrx_word' id='word_1_118' title='bbox 640 1869 737 1930; x_wconf 82' lang='lat' dir='ltr'><strong>Quaest.</strong></span> <span class='ocrx_word' id='word_1_119' title='bbox 746 1874 769 1929; x_wconf 85' lang='lat'><strong>6,</strong></span> <span class='ocrx_word' id='word_1_120' title='bbox 778 1873 818 1928; x_wconf 78' lang='lat'><strong>20,</strong></span> <span class='ocrx_word' id='word_1_121' title='bbox 826 1874 849 1922; x_wconf 82' lang='lat'><strong>5.</strong></span> 
     </span>
     <span class='ocr_line' id='line_1_19' title="bbox 162 1959 922 2026; baseline 0.003 -16"><span class='ocrx_word' id='word_1_122' title='bbox 162 1960 239 2020; x_wconf 79' lang='lat' dir='ltr'><strong>Quem</strong></span> <span class='ocrx_word' id='word_1_123' title='bbox 256 1959 334 2010; x_wconf 83' lang='lat' dir='ltr'><strong>multa</strong></span> <span class='ocrx_word' id='word_1_124' title='bbox 352 1960 467 2011; x_wconf 80' lang='lat' dir='ltr'><strong>animalia</strong></span> <span class='ocrx_word' id='word_1_125' title='bbox 484 1959 531 2012; x_wconf 85' lang='lat' dir='ltr'><strong>hue</strong></span> <span class='ocrx_word' id='word_1_126' title='bbox 556 1961 662 2026; x_wconf 85' lang='lat' dir='ltr'><strong>primum</strong></span> <span class='ocrx_word' id='word_1_127' title='bbox 686 1962 844 2024; x_wconf 82' lang='lat' dir='ltr'><strong>eognovimus</strong></span> <span class='ocrx_word' id='word_1_128' title='bbox 867 1977 922 2012; x_wconf 79' lang='lat' dir='ltr'><strong>see-</strong></span> 
     </span>
     <span class='ocr_line' id='line_1_20' title="bbox 127 2051 921 2116; baseline -0.001 -13"><span class='ocrx_word' id='word_1_129' title='bbox 127 2051 195 2103; x_wconf 79' lang='lat' dir='ltr'><strong>culo!</strong></span> <span class='ocrx_word' id='word_1_130' title='bbox 231 2051 315 2102; x_wconf 81' lang='lat' dir='ltr'><strong>Multa</strong></span> <span class='ocrx_word' id='word_1_131' title='bbox 332 2052 453 2103; x_wconf 85' lang='lat' dir='ltr'><strong>venientis</strong></span> <span class='ocrx_word' id='word_1_132' title='bbox 466 2053 521 2102; x_wconf 80' lang='lat' dir='ltr'><strong>aeri</strong></span> <span class='ocrx_word' id='word_1_133' title='bbox 536 2051 643 2116; x_wconf 89' lang='lat' dir='ltr'><strong>populus</strong></span> <span class='ocrx_word' id='word_1_134' title='bbox 661 2052 745 2114; x_wconf 83' lang='lat' dir='ltr'><strong>ignota</strong></span> <span class='ocrx_word' id='word_1_135' title='bbox 764 2051 835 2102; x_wconf 88' lang='lat' dir='ltr'><strong>nobis</strong></span> <span class='ocrx_word' id='word_1_136' title='bbox 852 2053 921 2110; x_wconf 74' lang='lat' dir='ltr'><strong>seiet,</strong></span> 
     </span>
     <span class='ocr_line' id='line_1_21' title="bbox 126 2140 922 2200; baseline 0 -8"><span class='ocrx_word' id='word_1_137' title='bbox 126 2142 205 2193; x_wconf 83' lang='lat' dir='ltr'><strong>multu</strong></span> <span class='ocrx_word' id='word_1_138' title='bbox 223 2142 329 2192; x_wconf 79' lang='lat' dir='ltr'><strong>saeculis</strong></span> <span class='ocrx_word' id='word_1_139' title='bbox 347 2146 406 2192; x_wconf 88' lang='lat' dir='ltr'><strong>tune</strong></span> <span class='ocrx_word' id='word_1_140' title='bbox 423 2140 521 2200; x_wconf 78' lang='lat' dir='ltr'><strong>futuris,</strong></span> <span class='ocrx_word' id='word_1_141' title='bbox 541 2156 597 2190; x_wconf 86' lang='lat' dir='ltr'><strong>euru</strong></span> <span class='ocrx_word' id='word_1_142' title='bbox 607 2143 725 2192; x_wconf 79' lang='lat' dir='ltr'><strong>memorie</strong></span> <span class='ocrx_word' id='word_1_143' title='bbox 741 2143 819 2192; x_wconf 84' lang='lat' dir='ltr'><strong>nostri</strong></span> <span class='ocrx_word' id='word_1_144' title='bbox 837 2141 922 2193; x_wconf 80' lang='lat' dir='ltr'><strong>exele-</strong></span> 
     </span>
     <span class='ocr_line' id='line_1_22' title="bbox 126 2229 846 2292; baseline -0.001 -8"><span class='ocrx_word' id='word_1_145' title='bbox 126 2233 196 2292; x_wconf 81' lang='lat' dir='ltr'><strong>verit,</strong></span> <span class='ocrx_word' id='word_1_146' title='bbox 213 2238 376 2284; x_wconf 83' lang='lat' dir='ltr'><strong>reserventur.</strong></span> <span class='ocrx_word' id='word_1_147' title='bbox 526 2231 627 2281; x_wconf 75' lang='lat' dir='ltr'><strong>IetNet.</strong></span> <span class='ocrx_word' id='word_1_148' title='bbox 636 2229 763 2291; x_wconf 76' lang='lat' dir='ltr'><strong>Quaestt,</strong></span> <span class='ocrx_word' id='word_1_149' title='bbox 774 2235 846 2291; x_wconf 80' lang='lat'><strong>30‚5.</strong></span> 
     </span>
    </p>
   </div>
   <div class='ocr_carea' id='block_1_6' title="bbox 0 0 1110 3406">
    <p class='ocr_par' dir='ltr' id='par_1_7' title="bbox 0 0 1110 3406">
     <span class='ocr_line' id='line_1_23' title="bbox 0 0 1110 3406; baseline 0 0"><span class='ocrx_word' id='word_1_150' title='bbox 0 0 1110 3406; x_wconf 95' lang='lat' dir='ltr'><strong> </strong></span> 
     </span>
    </p>
   </div>
  </div>
 </body>
</html>
