2212 3406
146 751 217 842 lpsis
236 776 331 827 duobus
343 777 469 828 mensibus
485 767 615 843 postquam
632 779 696 829 hauc
708 789 831 846 tamquam
843 800 902 850 oyc-

107 912 179 946 uoam
201 913 282 948 vocem
299 898 468 963 plenissimam
486 901 586 964 pictatis
603 898 714 950 ediderat
730 902 767 950 uir
784 905 834 950 tam
853 903 904 952 vila

106 1025 181 1072 quam
200 1015 278 1059 aetate
295 1011 475 1073 integerrimus,
491 1026 523 1060 ex
540 1012 663 1075 inproviso
675 1010 767 1061 accidit
785 1019 812 1062 ut
822 1002 901 1063 morbi

105 1123 131 1171 ri
152 1123 293 1184 gravissimi
310 1136 442 1186 oppressus
459 1137 537 1187 paena
554 1123 580 1171 iu
598 1121 679 1173 medio
701 1138 775 1173 cursu
802 1138 899 1174 corrue-

105 1237 151 1282 ret.
187 1232 314 1282 Luxoruut
334 1248 419 1283 casum
441 1235 613 1284 tristissimum
633 1250 681 1284 nou
704 1235 776 1285 modo
794 1234 899 1286 Gothaui

106 1346 182 1400 eires,
201 1359 303 1407 quorum
320 1347 347 1394 iu
365 1345 444 1396 oculis
462 1360 559 1410 semper
583 1345 737 1397 habitaverat
762 1361 853 1411 eosque
875 1349 901 1396 iu

104 1459 162 1505 sinu
186 1459 257 1506 unice
287 1462 437 1520 gestaverat,
464 1457 507 1507 scd
532 1455 584 1507 fere
609 1464 726 1521 quantum
746 1458 838 1522 ubique
862 1462 901 1508 est

104 1569 268 1618 litteratorum
286 1567 425 1627 homiuum,
450 1583 552 1632 quorum
577 1585 646 1620 ucmo
664 1575 716 1628 est,
738 1571 778 1619 cui
797 1584 844 1619 uon
861 1568 900 1620 rel

102 1679 268 1744 multiplicem
288 1695 365 1730 rerum
388 1683 543 1746 antiquarum
575 1684 703 1732 scientiam
727 1680 900 1745 scribendique

103 1790 253 1855 elegantiam
270 1791 440 1842 admirabilem
460 1793 538 1851 libris,
557 1809 618 1858 quos
636 1793 755 1858 plurimos
767 1801 841 1857 atque
852 1794 901 1842 uti-

103 1903 215 1952 lissimos
233 1907 376 1969 composuit,
395 1905 550 1954 vehementer
572 1904 700 1970 probasset
724 1903 763 1955 rel
788 1903 899 1967 siugula-

100 2029 154 2063 rem
172 2021 273 2064 naturae
290 2015 421 2066 bonitatem
441 2015 661 2080 liberalitatemque
687 2015 798 2066 consiliis
815 2029 898 2064 eorum

102 2141 258 2191 quacumque
289 2129 381 2177 ratione
414 2127 561 2179 adiurandis
591 2129 690 2192 egregie
724 2127 897 2191 praestitisset.
966 2161 967 2165 ,

101 2238 151 2288 Sed
172 2237 226 2288 nolo
244 2237 361 2288 refricare
379 2242 487 2290 animum
504 2243 625 2289 tantarum
644 2241 761 2289 virtutum
775 2236 900 2288 desiderio

99 2365 129 2399 ac
152 2351 281 2399 memoria:
305 2365 366 2414 quas
392 2365 496 2414 quorum
518 2352 621 2427 interest
644 2351 783 2400 accuratius
809 2363 900 2413 cogno-

101 2476 180 2519 scere,
206 2461 238 2510 ad
260 2478 289 2511 ea
307 2477 348 2512 eos
373 2463 478 2520 remitto,
502 2460 592 2526 quibus
615 2460 655 2512 vel
673 2465 730 2527 post
753 2461 836 2527 ipsum
859 2459 900 2510 iu-

100 2587 149 2622 nus
169 2571 278 2637 collegae
295 2579 319 2623 et
339 2573 413 2622 amici
432 2573 478 2623 viri
495 2573 618 2622 carissimi
641 2573 783 2622 memoriam
809 2569 899 2620 orando

99 2683 280 2748 scribendoque
302 2686 426 2748 prosecuti
451 2688 516 2741 suut,
534 2685 666 2734 mationem
691 2682 747 2732 dico
770 2684 797 2731 iu
812 2699 898 2732 mamo-

98 2799 166 2846 n‘am
184 2799 256 2845 Era.
274 2799 362 2847 uria.
387 2797 625 2846 Wueatemauui
641 2797 750 2844 babilam
772 2809 787 2842 a
807 2795 898 2842 B'ra'd.

99 2913 257 2970 Boram,
278 2922 341 2972 quae
360 2905 446 2958 formis
474 2921 593 2972 expressa
620 2907 701 2956 estin
722 2908 901 2971 programmate
