2174 3400
556 297 605 346 138

371 447 396 490 3,
410 445 451 491 De
463 457 518 490 usu
531 448 558 490 et
571 443 785 490 consuetudine.

465 539 499 573 De
512 539 695 581 congregatione.

214 623 293 674 Pares
313 638 370 674 cum
386 621 490 687 paribus
514 626 595 673 vetere
618 620 746 686 proverbio
771 620 891 672 facillime
917 637 978 672 ecn-

178 721 319 779 gregantur.
665 711 903 768 Orc.Cat.mai.3‚7.

214 823 329 876 Omnium
347 827 489 876 societatum
510 824 580 874 nulla
601 825 763 889 praestantior
778 829 828 881 est,
845 811 915 873 nulla
934 823 977 872 fir-

178 918 248 975 mior,
268 931 342 980 quam
361 931 417 965 cum
434 917 482 966 viri
501 915 557 966 bcni
577 913 685 964 moribus
704 913 798 964 similes
817 921 874 964 sunt
899 912 976 964 fami-

178 1007 286 1056 liaritate
308 1007 440 1056 coniuncti.
624 1003 903 1061 Ju.de0ffic.1‚1s,5s.

214 1096 276 1148 Gum
295 1095 335 1146 his
353 1111 460 1154 versare,
479 1097 521 1160 qui
542 1100 566 1146 te
583 1095 712 1146 meliorem
728 1093 818 1145 facturi
839 1100 903 1144 sunt.

696 1185 836 1250 SanEpist.
849 1190 871 1243 7,
880 1187 903 1235 8.

214 1275 287 1335 Cave,
315 1291 387 1340 rogo,
406 1285 431 1328 et
449 1277 584 1340 diligenter
604 1275 723 1334 adtende,
750 1292 780 1326 ne
799 1291 854 1326 cum
873 1257 976 1326 humine

176 1366 242 1418 malo
260 1367 378 1432 loquaris.
533 1366 823 1432 Gaarnsap.Snr.Epist.
833 1369 872 1424 10,
881 1371 902 1414 1.

211 1477 287 1529 Nulla
307 1493 348 1528 res
364 1481 444 1543 magis
464 1480 552 1529 animis
578 1479 681 1529 honesta
706 1479 788 1528 induit
810 1493 883 1542 quam
907 1479 976 1528 vire-

176 1583 232 1620 rum
259 1567 377 1619 benorum
405 1571 565 1621 conversatio.
600 1569 725 1620 Paulatim
752 1571 818 1618 enim
843 1569 976 1619 descendit

175 1661 201 1710 in
212 1663 312 1724 pectora
323 1664 347 1710 et
356 1661 406 1711 vim
415 1665 604 1725 praeceptorum
623 1659 717 1711 obtinet
728 1658 870 1724 frequenter
884 1660 974 1724 aspici,

175 1750 256 1800 audiri
274 1750 423 1814 frequenter.
460 1749 584 1802 Occursus
601 1752 656 1816 ipse
675 1752 823 1816 sapientium
852 1752 920 1800 iuvat
948 1753 975 1800 et

175 1844 213 1892 est
234 1840 337 1905 aliquid,
357 1841 423 1905 quod
442 1857 474 1891 er
491 1855 579 1904 magne
597 1843 650 1892 virc
676 1841 715 1892 vel
733 1845 830 1892 tacente
849 1840 974 1906 proficias

257 1997 259 2001 Ι
658 1930 900 1996 Ssu.Epist.94‚40.

210 2022 265 2073 Hoc
283 2022 329 2073 tibi
347 2024 372 2072 in
384 2023 566 2072 conversatione
578 2023 726 2086 sapientium
736 2023 844 2072 eveniet:
863 2037 910 2070 nen
926 2023 974 2074 de-

167 2113 320 2178 prehendes,
341 2111 547 2176 quemadmodum
564 2116 606 2162 aut
625 2111 722 2176 quando
742 2111 787 2162 tibi
807 2114 894 2176 presit,
912 2127 974 2177 pre-

173 2201 251 2253 fuisse
269 2202 446 2268 deprehendes.
759 2205 799 2252 Id.
813 2201 847 2252 ib.
858 2206 899 2251 41.

210 2291 303 2358 Cogita„
323 2301 440 2357 quantum
459 2292 531 2344 nubis
547 2293 662 2358 exempla
685 2293 751 2344 bona
775 2295 882 2359 prosint3
905 2295 974 2345 scies

173 2397 318 2448 magnorum
334 2385 442 2434 virorum
460 2399 508 2434 ncu
526 2386 608 2434 minus
625 2386 792 2448 praesentiam
810 2398 864 2434 esse
881 2382 973 2434 utilem

173 2489 247 2540 quam
267 2475 417 2525 memoriam.
640 2473 695 2524 Sar.
703 2474 849 2539 Epist.102‚
858 2477 899 2524 30.

209 2565 337 2630 Frequens
355 2566 460 2615 imitatio
471 2567 559 2616 transit
569 2566 595 2615 in
604 2580 691 2616 mores.
709 2563 792 2624 Qumr.
799 2564 858 2615 lust.
866 2568 887 2623 1,
897 2568 935 2622 11,
945 2567 970 2615 8.

333 2712 431 2753 Quaem
443 2713 468 2747 im
480 2713 578 2748 aliem
593 2721 638 2748 m
649 2714 673 2748 ta
686 2713 808 2754 praeben.

206 2793 269 2846 Oum
285 2796 312 2844 in
330 2795 430 2846 demum
446 2795 552 2846 alienam
573 2798 676 2855 veneris,
695 2802 720 2847 et
738 2802 822 2848 mutus
838 2802 863 2848 et
877 2795 972 2848 surdus

173 2887 232 2934 esto.
509 2885 798 2938 cenomanensium
806 2903 831 2953 p.
839 2891 897 2938 217.
