2174 3400
488 269 537 316 215

862 335 907 382 Peg.

128 389 208 440 lorum
224 392 336 440 iniuriae.
355 390 422 450 Quae
440 390 507 440 bella
526 389 684 454 suscipienda
701 392 758 439 sint.
778 387 837 438 Om-

128 461 171 510 nia
186 475 249 526 quae
269 460 300 509 ad
320 459 413 510 bellum
430 461 553 526 pertinent
564 459 722 524 providenda.
742 459 779 510 De
788 457 838 507 fer-

129 534 188 580 tuua
206 529 273 580 belli.
302 529 339 579 De
362 530 475 580 tumultu.
501 530 538 578 De
560 528 634 579 bellis
659 529 782 580 civilibus,
807 555 837 564 -

129 602 153 649 2.
164 600 201 649 De
227 601 380 664 imperatore.
406 601 443 649 De
469 601 580 650 exercitu
604 603 628 648 et
653 598 685 648 de
706 597 837 649 militibuu

128 669 166 720 De
184 671 281 720 virtute.
302 669 339 719 De
356 672 461 734 ignavia.
481 668 570 718 Nullus
589 668 668 718 hostis
682 674 837 719 contemnen-

129 738 184 788 dus.
203 739 328 790 Proditeri
347 755 395 789 non
413 739 569 790 eredendum.
591 766 622 774 -—
643 743 666 789 3.
677 738 714 788 De
728 739 836 788 vietom'a.

128 809 167 858 De
186 808 254 873 fuga.
274 809 311 858 De
329 813 413 859 morte.
434 809 470 858 De
489 810 613 858 servitute.
635 835 666 845 -
687 812 710 857 4.
722 809 759 857 De
770 823 837 873 paee.

128 878 184 928 Pax
204 877 269 928 bello
286 878 401 943 paranda.
425 878 497 928 Certa
513 894 563 943 pax
587 883 699 943 speratae
722 878 839 928 victoriae

129 947 306 1013 anteponenda.
336 949 416 1013 Leges
435 965 450 998 a
469 947 602 998 victoribus
621 949 693 997 vietis
717 949 838 1013 praescri-

128 1016 226 1068 buntur.
247 1018 328 1071 Victis
348 1017 533 1084 ignoscendum.

455 1607 562 1644 uuum.

203 1696 251 1742 Peg.
279 1696 356 1735 1le
388 1695 424 1735 int.
444 1697 488 1742 lege
504 1697 580 1742 optimo
594 1705 630 1742 pro
646 1696 721 1742 optime

210 1791 238 1798 -
287 1772 306 1808 X
322 1772 356 1810 ue
401 1798 415 1822 ‚‚
461 1799 472 1816 ‚‚
500 1772 576 1810 muneri
593 1773 717 1817 pronuuert

181 1866 183 1870 ·
211 1867 238 1874 -
280 1849 304 1886 12
320 1849 368 1886 tm
402 1875 413 1892 ‚‚
459 1875 470 1892 ‚‚
498 1848 570 1886 Nescio
587 1857 624 1894 pro
640 1848 708 1886 Nescia

210 1943 238 1949 -
282 1923 358 1962 131.3
403 1951 416 1968 ,,
457 1950 473 1975 „
503 1925 600 1970 quaedam
617 1934 654 1969 pro
671 1924 767 1971 quaedem

210 2017 237 2026 -
280 2001 305 2037 68
321 2000 356 2037 ut
386 2010 432 2046 sup.
461 2028 472 2045 „
502 2000 616 2043 Damnatus,
633 2009 669 2046 pro
685 2000 801 2038 Damnatus.

81 2066 170 2158 ‘05'
225 2076 355 2115 -wua
398 2103 410 2119 „
460 2104 472 2121 ,‚
500 2077 602 2122 tuprou

211 2171 238 2178 —
267 2152 355 2191 1111.2
400 2180 412 2197 ‚,
463 2181 475 2197 ‚,
507 2151 630 2198 estproes

211 2247 238 2254 -
267 2229 307 2266 174
323 2229 337 2268 l.
346 2229 371 2266 15
400 2256 411 2273 „
463 2256 474 2274 ,,
502 2228 656 2274 impertumpro
672 2228 778 2272 impetrem

209 2323 237 2331 —
267 2305 306 2343 175
323 2305 358 2344 tt
389 2304 425 2342 tnt.
463 2332 475 2349 ,‚
504 2304 647 2350 incitaturpro
663 2304 771 2342 incitantur
