2212 3406
510 280 542 329 ³9

89 407 94 414 “
164 399 215 451 Res
232 398 357 456 moeniae
372 398 456 450 valent
472 404 625 452 commutare
656 403 784 458 naturam,
811 404 837 452 et
861 415 920 452 raro

129 492 261 559 qnisquam
282 505 343 554 erga
361 488 426 540 bona
444 503 490 540 sua
507 491 569 540 satis
586 493 675 542 cantus
693 494 738 542 est.
766 488 840 542 Oeen.
849 493 920 550 10‚1.

163 580 231 632 Raro
249 578 325 630 simnl
345 577 488 630 hominibus
514 579 581 630 bona
597 578 698 631 fortuna
712 579 825 645 bonaque
850 596 920 633 mens

127 671 209 722 datur.
282 709 284 714 ,
700 671 852 729 L1v.ao.42.

162 761 284 812 Mortales
301 761 535 813 inconsideratiores
551 763 576 810 in
597 761 707 812 secunda
724 776 799 826 qnam
827 763 853 812 in
879 761 925 813 ad-

130 866 203 903 versa
222 855 280 902 sunt
297 849 406 902 fortuna.
556 850 658 902 Cosnnn.
665 851 726 901 Nm.
733 851 792 903 Gon.
800 857 824 912 5,
834 856 858 920 1,

165 941 261 992 Melius
279 943 306 992 in
329 941 402 992 maiis
420 944 539 1007 sapimus
559 941 668 992 secunda
683 945 778 992 reetnm
798 940 922 994 auferunt

609 1011 664 1062 Snn.
672 1011 752 1076 Epist.
762 1015 802 1070 94,
810 1015 851 1062 74.

165 1099 308 1151 Luxuriant
322 1101 400 1151 animi
417 1099 493 1151 rebus
510 1101 659 1166 plerumque
676 1101 799 1161 secundis,

199 1191 252 1242 Neo
270 1189 346 1242 facile
364 1195 401 1241 est
427 1205 507 1256 aequa
535 1191 663 1242 commoda
677 1197 758 1242 mente
775 1193 835 1257 pati.

610 1259 680 1312 Ovio.
687 1261 718 1311 A.
725 1261 756 1312 A.
763 1263 786 1320 2,
794 1265 852 1312 48⁷.

163 1349 210 1399 Est
228 1347 346 1401 felicibus
365 1349 476 1401 difficilis
495 1353 653 1402 miseriarum
671 1365 730 1403 vera
757 1351 903 1403 aestimatio.

603 1420 712 1481 Qoinmn.
722 1420 791 1472 Deel.
800 1424 823 1479 9,
831 1425 854 1472 6.

285 1545 400 1588 Pmpen
412 1547 505 1582 tortum
517 1547 610 1590 dicum
623 1555 673 1582 me
686 1547 762 1583 deest.

164 1627 259 1692 Magna
275 1631 425 1680 conscientie
444 1633 480 1680 est
497 1628 642 1682 felicitatem
660 1631 789 1682 meruisse.

545 1698 654 1760 Qninma.
664 1699 774 1750 Declam.
782 1702 805 1758 9,
815 1701 854 1749 17.

202 1793 204 1804 Ι
296 1822 343 1858 Bu
355 1823 470 1860 mmmm
483 1831 529 1867 qno
541 1825 617 1860 mino
630 1824 748 1860 temdus.

125 1909 126 1912 ’
161 1903 242 1958 Vobis
258 1905 307 1957 hoc
323 1907 462 1972 praecipue
479 1905 543 1966 dieo,
562 1910 673 1960 iuvenes.
709 1906 769 1958 ideo
787 1908 814 1958 in
832 1921 921 1958 seeun-

128 1993 168 2046 dis
187 1993 264 2048 iebus
281 1996 346 2047 nihil
365 2011 515 2062 quemqnam
534 1997 642 2062 superbe
660 2011 691 2048 eo
721 1995 843 2050 violenter
864 2011 923 2048 con-

126 2083 208 2136 sulere
226 2085 299 2138 decet
318 2101 364 2137 neo
381 2089 508 2152 praesenti
519 2087 624 2139 eredere
644 2085 768 2146 fortunae,
784 2102 842 2138 oum
859 2085 922 2152 qnid

126 2189 218 2241 vesper
236 2175 302 2229 ferat
319 2179 442 2230 incestum
459 2179 499 2228 sit.
535 2177 562 2228 Is
581 2177 680 2228 demum
698 2180 737 2230 air
755 2179 816 2236 erit.
845 2178 919 2229 onius

127 2266 237 2317 animum
254 2282 301 2318 nec
318 2281 437 2334 prospero
454 2267 515 2319 flatu
533 2266 627 2319 ecferet
645 2282 690 2319 aee
709 2268 813 2320 adverso
829 2267 919 2318 inirin-

127 2359 178 2422 μὲ.
718 2359 821 2417 L1v.45‚
829 2360 852 2408 8.

163 2444 286 2498 Secundis
302 2461 374 2498 nemo
396 2447 510 2508 confidat,
530 2449 642 2501 adversis
659 2465 730 2502 nemo
749 2448 859 2500 deficiat:
885 2446 922 2498 al-

127 2541 214 2588 ternae
233 2540 290 2588 sunt
308 2539 375 2590 vices
394 2553 485 2591 rerum.
521 2538 575 2591 San.
582 2540 637 2592 Nat.
644 2539 764 2600 Quaestss
775 2537 886 2606 praefii.

162 2623 260 2686 Omnes,
278 2642 336 2680 oum
356 2629 480 2680 secundae
490 2644 532 2681 res
544 2637 603 2681 sunt
613 2632 729 2690 maxime,
749 2635 802 2681 tum
813 2629 921 2680 maxime

161 2717 285 2770 Meditari
301 2733 385 2770 secum
403 2723 507 2784 oportet,
525 2735 574 2786 qno
591 2725 664 2785 paeto
674 2720 804 2772 adnomam
821 2731 921 2769 serum—

677 2824 733 2860 nam
751 2806 841 2862 ierant.

526 2900 739 2952 TenesnPhorm.
748 2902 851 2961 2,1‚12.
