2174 3400
407 693 443 753 A.
465 693 519 753 DE
539 694 628 755 ΠΕΟ.

514 867 532 916 Ι,

868 937 909 986 rag

119 1009 203 1061 Deum
221 1026 275 1062 esse
292 1018 386 1063 cerium
398 1019 436 1063 ost
452 1015 523 1077 isqno
541 1011 682 1063 hominibus
700 1013 818 1063 colendus
837 1050 842 1062 .
880 1015 894 1062 1

160 1105 181 1152 1.
202 1102 269 1153 Deus
287 1120 302 1152 a
319 1103 370 1153 solo
394 1103 493 1154 homine
516 1105 677 1167 cognoscitur.
705 1102 781 1154 Nulla
796 1120 844 1154 non

138 1187 201 1236 gens
228 1172 324 1236 atiquos
351 1173 411 1222 deos
430 1173 496 1223 colit.
510 1201 543 1208 -
565 1172 666 1223 alteus
684 1173 845 1238 exoperibus

140 1244 304 1306 cognoscitur.
318 1271 351 1278 -
373 1246 396 1292 3.
406 1243 507 1292 Frustra
529 1247 605 1306 agunt
629 1243 673 1308 qni
695 1243 720 1292 in
744 1242 785 1294 dei
809 1243 845 1293 lo-

139 1326 197 1362 cum
213 1317 324 1362 naturam
348 1312 507 1362 substituunt.
518 1341 551 1347 -
570 1315 593 1362 4.
606 1312 697 1362 Poenis
714 1311 844 1363 adficiendi

140 1382 184 1446 qui
203 1381 347 1446 religionem
364 1384 484 1432 minuunt.

500 1513 532 1563 11.

122 1615 159 1668 De
179 1617 220 1668 dei
238 1620 355 1682 potentia
374 1619 520 1684 praesentia,
541 1619 646 1676 iustitia,
663 1617 816 1682 benignitate
838 1657 844 1669 .
881 1620 896 1668 2

160 1712 181 1758 1.
193 1708 260 1758 Deus
283 1710 364 1760 omnia
387 1708 485 1759 officere
509 1713 598 1773 potest.
617 1737 651 1745 -
678 1712 700 1758 2.
713 1709 764 1759 Deo
789 1713 847 1759 sunt

141 1778 223 1828 omnia
241 1777 359 1829 subiecta.
372 1807 406 1815 -
421 1782 444 1828 3.
458 1779 526 1828 Deus
543 1776 656 1829 omnibns
672 1777 733 1828 locis
743 1783 768 1829 et
779 1780 846 1829 omni

143 1851 254 1912 tempore
273 1862 390 1912 praesens
407 1853 453 1898 est.
466 1877 499 1883 —
517 1851 540 1897 4.
553 1848 621 1898 Dens
639 1849 845 1899 iustissimnsest.

141 1942 175 1952 —
194 1920 217 1967 5.
229 1917 296 1968 Dens
318 1916 432 1968 omnibns
451 1919 543 1982 paritor
568 1916 686 1968 beneficia
704 1916 799 1968 tribuit.
813 1947 847 1954 —

144 1988 166 2036 6.
178 1985 245 2037 Dona
261 1988 287 2036 in
304 1987 414 2037 homines
432 1987 672 2050 indulgentissimus.

491 2119 539 2174 ΙΠ.

22 2275 24 2282 ,
125 2223 160 2273 Da
172 2185 216 2300 vdori
234 2223 303 2274 cultu
363 2260 844 2274 ............
881 2226 896 2275 8

160 2318 181 2363 l.
191 2315 259 2364 [tens
267 2313 394 2364 hominnm
403 2313 498 2365 cultum
507 2329 556 2364 non
564 2313 697 2364 desiderat.
704 2341 738 2350 -
750 2315 773 2363 2.
781 2311 845 2372 Quo-

143 2384 213 2435 modo
234 2383 296 2434 dens
316 2382 347 2434 ab
364 2383 507 2434 hominibus
518 2382 635 2434 colendus
648 2385 688 2434 sit.
699 2411 733 2419 -
752 2386 774 2432 3.
785 2381 844 2433 Om-

142 2456 208 2504 nium
228 2468 310 2504 rernm
323 2453 396 2503 initia
408 2469 424 2503 a
435 2454 481 2504 deo
495 2452 621 2519 capienda.
634 2481 668 2488 -
687 2455 710 2502 4.
721 2452 773 2503 Deo
787 2465 845 2502 con-

143 2523 267 2574 fitendum.
286 2551 320 2560 -
344 2527 367 2573 5.
386 2521 479 2588 Aperte
502 2522 625 2586 agendum
657 2535 713 2572 cum
736 2522 790 2572 deo.
812 2551 845 2558 -

144 2597 165 2645 6.
176 2593 334 2644 Precationes
350 2592 383 2643 ad
394 2591 468 2642 deum
479 2591 615 2651 faciendae,
636 2591 681 2642 sed
692 2588 799 2656 quales?
811 2619 845 2628 —-

144 2668 165 2714 7.
178 2663 225 2713 Dei
243 2661 338 2712 cultum
356 2660 482 2713 feliciores
499 2662 639 2725 neglegunt.
669 2661 698 2710 In
708 2658 782 2712 rebus
799 2660 844 2710 ad-

143 2734 218 2785 versis
235 2731 348 2782 homines
368 2737 426 2781 sunt
443 2731 562 2795 religiosi.
575 2760 609 2767 —
627 2733 650 2781 8.
664 2729 701 2780 De
726 2732 845 2796 supersti-

142 2803 212 2853 tione.
224 2830 258 2838 -
276 2804 299 2851 9.
313 2799 402 2850 Omnia
418 2817 433 2850 a
451 2814 532 2852 rernm
550 2799 694 2865 primordiis
711 2800 845 2851 constituta

144 2878 168 2923 et
184 2871 240 2922 fixa
252 2899 284 2907 -
306 2873 345 2920 10.
356 2871 392 2921 De
403 2870 444 2921 dci
462 2872 590 2921 ministris.
