2212 3406
518 307 546 340 lx

132 397 228 455 bimus,
253 397 423 448 adolescentes
448 395 582 458 diligenter
605 395 741 448 coluimus.
765 409 829 444 nunc
856 395 881 444 in
906 410 935 444 ea

132 493 211 538 aetate
232 488 367 546 constituti,
385 501 434 550 qua
452 485 550 550 longius
569 500 584 534 a
609 484 747 535 carceribus
774 486 861 534 remoti
878 499 934 550 pro-

133 579 189 643 pius
209 583 305 627 ameta
320 576 451 633 absumus,
476 575 580 625 eundem
604 579 744 625 constanter
775 576 932 625 servavimus.

132 667 172 718 Ao
200 673 226 718 tu
257 666 356 731 quidem
386 667 477 715 maiore
506 679 562 714 cum
595 664 668 714 laude
690 671 714 713 et
741 663 852 714 uberiore
878 679 934 714 cum

132 757 221 808 fructu.
275 758 337 807 Nam
359 758 380 806 si
406 755 466 820 quid
486 770 530 818 ego
557 754 634 804 studii
653 756 678 804 in
698 755 743 804 bas
762 754 858 805 litteras
876 769 934 804 cou-

133 848 188 907 tuli,
207 847 233 897 id
257 849 366 898 muneris
390 847 439 896 mei
462 848 524 896 ratio
549 847 585 894 ita
601 845 742 909 postulavit.
765 849 801 902 ut,
820 847 842 896 si
863 845 936 896 aliter

133 937 254 996 facerem,
280 937 361 988 officio
381 935 493 986 defuisse
515 935 619 989 viderer.
644 943 667 984 ot
694 937 716 984 si
735 934 795 999 quid
813 936 935 985 commodi

134 1028 194 1078 inde
215 1027 304 1086 habui,
330 1027 357 1076 id
375 1041 446 1076 omne
468 1027 533 1076 intra
559 1027 639 1075 musei
663 1027 770 1090 parietes
791 1031 814 1076 ct
835 1025 933 1076 scholae

133 1117 243 1168 umbram
262 1118 373 1168 modeste
393 1117 509 1166 continui.
547 1116 585 1165 'Pu
604 1131 667 1172 vero„
687 1131 742 1166 cum
760 1125 859 1181 propter
878 1129 934 1179 gra-

135 1209 237 1258 vissima
255 1207 330 1258 officii
346 1221 446 1258 munera
464 1221 582 1272 perquam
607 1207 723 1269 exiguum
747 1205 794 1256 tibi
811 1206 933 1270 reliquum

134 1301 201 1348 esset
219 1299 304 1356 otium,
322 1303 440 1362 qnantum
460 1297 577 1361 temporis
596 1296 640 1345 alli
662 1296 694 1345 ad
714 1295 851 1360 voluptates
869 1297 934 1347 ritae

133 1388 182 1439 sibi
200 1403 344 1438 eoncessum
363 1386 517 1444 arbitrantur,
536 1391 630 1436 tantum
648 1385 694 1436 tibi
723 1387 754 1435 ad
772 1387 833 1436 baec
850 1386 934 1458 studia

132 1479 234 1530 colenda
248 1479 390 1544 sumpsisti3
408 1477 483 1535 idem,
504 1478 547 1541 qni
564 1491 596 1526 ex
612 1476 702 1526 iisdem
715 1475 810 1526 fructus
823 1476 854 1526 ed
866 1492 933 1527 com·

133 1583 231 1619 munem
256 1569 362 1618 omnium
387 1567 520 1617 utilitatem
543 1573 643 1632 possent
669 1564 810 1624 transferri,
838 1567 865 1616 in
884 1567 934 1617 alto

133 1659 263 1724 dignitatis
280 1659 333 1709 loco
350 1660 497 1708 constitutus
518 1657 631 1721 exemplo
651 1663 692 1706 tuo
712 1659 810 1721 egregie
823 1671 933 1721 compro-

132 1749 206 1800 basti.
244 1748 292 1800 Sed
309 1749 374 1814 quod
391 1753 502 1812 uterque,
523 1753 547 1798 et
566 1763 611 1811 ego
631 1755 654 1796 et
673 1752 708 1803 tu,
727 1755 821 1797 mature
832 1749 858 1797 in
870 1747 934 1798 hano

133 1841 229 1904 ingenii
247 1840 395 1890 voluntatem
421 1839 521 1889 adducti
541 1853 634 1896 sumus,
657 1837 685 1886 id
708 1838 826 1887 debemus
846 1845 870 1888 et
890 1854 933 1903 op-

134 1932 194 1980 timo
211 1931 307 1995 parenti
325 1935 349 1979 et
371 1930 592 1994 praestantissimis
617 1927 816 1993 praeceptoribus
834 1932 858 1977 et
876 1928 933 1978 allis

135 2020 249 2071 discendi
266 2034 328 2084 quas
345 2019 477 2069 babuimus
497 2018 727 2083 opportunitatibus.
753 2017 858 2077 Quamm
877 2019 934 2082 qui·

135 2109 192 2160 dem
211 2124 292 2160 rerum
309 2111 451 2160 memoriam
476 2123 531 2159 cum
550 2115 620 2173 grata
642 2117 722 2158 mente
746 2110 796 2158 iam
814 2107 875 2158 mihi
894 2123 934 2158 re-

134 2199 266 2265 petendam
284 2215 367 2258 sumo,
391 2214 473 2250 earum
497 2199 687 2250 recordationem
706 2197 752 2248 tibi
771 2213 868 2263 quoqne
886 2213 933 2249 non

134 2289 294 2340 iniucundam
313 2289 366 2340 lore
384 2305 463 2355 spero.

169 2380 208 2432 Ao
226 2382 330 2445 primum
348 2380 456 2444 quidem,
475 2382 509 2430 mi
529 2379 623 2438 Garoie,
647 2379 706 2443 qnid
731 2379 762 2428 de
780 2381 875 2448 optima
889 2395 934 2444 pa·

135 2473 172 2517 tre
192 2465 292 2516 dicam?
317 2467 388 2516 cuins
410 2467 482 2515 eain
505 2481 549 2516 nos
574 2465 662 2516 fratres
689 2469 774 2516 extant
792 2468 887 2524 merita,
906 2469 935 2515 nt

135 2567 259 2616 nunquam
278 2553 339 2602 satis
359 2553 437 2602 iustas
452 2553 475 2602 ei
493 2551 600 2602 tribuere
618 2552 706 2602 laudes
720 2553 852 2616 possimus.
870 2549 934 2602 Gau-

136 2653 221 2692 sarum
236 2645 288 2688 orat
310 2644 426 2704 patronus
451 2643 475 2688 et
496 2643 546 2688 tam
566 2643 666 2704 propter
688 2639 853 2703 incorruptam
870 2638 934 2688 inte-

135 2727 249 2789 gritatem
274 2729 457 2790 spectatumque
486 2725 560 2775 fidem
591 2741 663 2790 quam
694 2730 794 2790 propter
820 2737 934 2787 magnam

135 2813 197 2862 luris
220 2811 302 2862 ciuilis
324 2809 478 2876 prudentiam
501 2811 633 2876 legumque
655 2813 783 2862 seientiam
807 2809 838 2860 ab
856 2811 934 2860 omni·

135 2897 191 2956 bus,
209 2899 312 2948 summis
331 2897 430 2956 intimis,
446 2900 472 2948 in
491 2897 551 2948 urbe
567 2899 690 2962 agrisque.
711 2911 782 2960 quam
802 2896 846 2946 diu
863 2897 934 2954 vixit,
