2208 3402
510 272 559 318 117

317 427 351 462 De
364 425 527 468 panacem·
548 426 582 460 De
595 423 750 466 philosophia.

169 513 239 564 Nihil
254 512 323 563 aliud
342 516 379 563 est
389 510 555 577 philosophia
574 511 597 560 si
605 511 761 575 interpretari
773 507 842 567 velis,
857 521 931 574 quam

132 603 245 654 studium
264 605 407 668 sapientiae.
554 608 557 616 '
621 600 759 652 Gredeoii.
771 603 859 658 225.

168 694 339 760 Philosophia,
358 695 468 744 omniurn
484 697 563 744 mater
581 694 684 750 artium,
715 691 776 756 quid
799 696 837 742 est
855 689 932 750 aliud.

133 787 190 844 nisi,
208 791 237 835 ut
254 785 334 843 Plato,
353 784 451 842 dunum,
470 789 498 834 ut
515 799 568 847 ego,
586 779 844 834 inventumdeerum'?
864 781 933 832 Haeo

133 891 180 926 nos
197 877 305 940 primurn
321 875 353 925 ed
365 875 463 925 illomm
474 874 576 931 cultum,
593 871 684 924 deinde
697 872 729 922 ad
742 887 782 922 rus
798 871 933 930 hominum,

135 965 202 1030 quod
221 967 296 1016 situm
316 967 396 1016 estin
418 967 515 1029 generis
539 964 643 1014 humani
666 965 797 1020 societate,
828 967 881 1012 tum
901 961 933 1012 ad

136 1055 283 1107 modestiam
302 1055 547 1120 magnitudinemque
564 1057 640 1104 animi
659 1053 780 1112 erudivit,
798 1051 933 1117 eademque

136 1146 170 1197 ab
184 1147 264 1196 animo
282 1153 407 1212 tamquam
426 1145 456 1197 ab
474 1145 554 1196 oeulis
572 1145 704 1208 caliginem
722 1142 834 1208 dispulit,

601 1213 654 1264 Gie.
662 1214 735 1262 'luae
745 1215 864 1270 1,26,64.

172 1307 335 1373 Philosophia
352 1311 482 1372 praeparat
507 1307 600 1357 animos
624 1306 657 1374 ad
680 1309 749 1356 satus
779 1302 936 1369 accipiendos

137 1412 215 1463 eaque
233 1398 334 1449 mandat
352 1400 385 1448 iis
404 1405 436 1457 et
456 1403 485 1448 ut
499 1399 536 1448 ita
552 1397 647 1456 dieam,
673 1396 746 1454 serit,
764 1409 827 1460 quae
850 1393 936 1444 adulta

136 1486 233 1540 fruetus
251 1489 389 1540 uberrimos
406 1488 493 1540 ferent.
671 1490 711 1536 Id.
719 1485 752 1536 ih.
760 1488 783 1544 2,
792 1489 814 1544 5,
824 1489 863 1536 13.

173 1582 312 1646 Numquam
335 1581 397 1630 satis
420 1578 516 1629 laudari
551 1579 625 1642 digne
653 1578 743 1642 poterit
771 1575 936 1642 philosophia,

138 1673 180 1721 eui
199 1674 241 1736 qui
261 1679 346 1736 pareat
365 1685 435 1722 omne
452 1675 549 1735 ternpus
571 1671 659 1720 aetatis
678 1670 731 1718 sine
750 1667 864 1718 molestia
879 1681 937 1732 pos-

140 1764 173 1813 sit
192 1762 289 1826 degere.
624 1757 676 1809 (ho.
685 1757 802 1808 Gatmai.
813 1760 865 1816 Li.

174 1852 351 1917 Philosophiae
370 1852 462 1902 servias
474 1854 576 1916 oportet,
591 1854 619 1900 ut
636 1848 681 1899 tibi
700 1851 825 1912 contingat
837 1860 895 1899 vera
905 1847 937 1898 li·

140 1940 230 1993 bertas.
663 1938 834 2004 Srn.Epist.8,
844 1943 866 1988 7.

176 2033 206 2082 Iu
222 2031 379 2097 philosophia
399 2030 447 2081 hoe
463 2035 501 2082 est
519 2029 584 2086 boni,
608 2029 674 2093 quod
698 2035 802 2078 stemma
829 2044 877 2079 non
899 2030 938 2079 in·

141 2125 222 2188 spicit.
638 2118 693 2169 Srn.
705 2118 786 2184 Epist.
796 2122 869 2178 lui.

177 2213 229 2265 Neo
246 2213 318 2264 reieit
334 2227 481 2277 quemquam
499 2209 657 2277 philosophia
673 2225 718 2260 neo
730 2209 809 2274 eligit.
825 2208 939 2260 omnibus
1001 2257 1006 2270 ,

142 2305 216 2355 lueet.
643 2299 785 2365 Snullpist.
793 2303 833 2360 44,
845 2302 869 2350 2.

465 2429 499 2463 De
512 2427 617 2462 hutone.

178 2515 290 2566 Historia
308 2525 346 2566 est
363 2516 434 2566 testis
449 2519 594 2579 temporum,
620 2512 665 2561 lux
685 2512 804 2570 veritatis,
822 2513 872 2562 vita
888 2525 941 2561 me-

143 2607 242 2664 moriae,
260 2608 378 2669 magistra
396 2607 468 2664 ritae,
494 2605 581 2654 nuntia
596 2603 734 2654 vetustatis.

602 2670 872 2728 Grc.de0rat.2,9‚36.

179 2767 280 2818 Nescire
299 2764 360 2830 quid
385 2769 516 2828 antequam
541 2769 613 2836 natus
642 2764 677 2812 sis
698 2759 829 2816 acciderit,
856 2751 885 2808 ,id
903 2761 942 2809 est

144 2869 240 2922 semper
257 2871 313 2907 esse
330 2869 442 2921 puerum.
629 2849 870 2907 Gro.Orot.84‚120.
