2174 3400
579 287 626 334 192

237 405 380 457 Cavendum
401 413 446 458 ast.
466 421 496 456 ne
515 409 594 458 maior
619 422 699 472 poena
722 423 796 473 quam
820 409 897 474 culpa
922 411 955 459 sit
975 415 997 458 et

203 512 234 547 ne
250 497 339 547 iisdem
357 498 388 546 de
407 501 490 548 causis
511 499 555 548 alii
572 497 726 564 plectantur,
752 500 796 549 alii
813 516 845 549 ne
868 499 996 565 appellen-

203 595 244 640 tur
261 589 369 653 quidem.
405 589 565 640 Prohibenda
583 597 666 640 autem
684 592 792 640 maxime
810 597 847 641 est
858 593 900 640 ira
911 593 941 640 in
954 605 996 655 pu·

201 680 299 737 niondo,
319 680 509 744 optandumque,
529 689 557 730 ut
574 682 601 740 ii,
628 683 671 744 qui
694 687 810 746 praesunt
833 681 997 746 reipublicae,

202 771 285 834 legum
304 771 397 821 similes
416 773 472 829 sint,
491 786 555 836 quae
573 772 605 822 ad
621 773 774 836 puniendum
792 787 840 822 uon
858 771 997 828 iracundia
1063 817 1064 820 ,

203 861 245 912 sed
267 865 391 926 aequitate
409 863 540 913 ducuntur.
630 861 683 914 Oro.
691 862 793 914 deoffic.
804 865 874 922 istri,
883 866 929 913 88.

237 952 402 1016 Corrigendus
418 959 463 1010 θεῖ,
488 955 531 1018 qui
554 958 655 1018 peccat,
676 961 700 1004 et
724 955 891 1004 admonitione
918 960 945 1004 θῖ
967 955 997 1010 ri,
1058 970 1061 1005 t

201 1049 226 1094 et
245 1044 353 1094 molliter
370 1050 395 1094 et
420 1059 522 1108 aspere,
547 1044 685 1109 meliorque
708 1049 758 1096 tam
782 1045 830 1096 sibi
853 1060 932 1110 quam
956 1045 998 1094 alii

201 1131 339 1193 faciendus,
358 1151 406 1184 non
424 1137 478 1185 sine
496 1137 663 1198 castigatione
683 1136 727 1186 sad
745 1137 798 1186 sine
816 1138 861 1186 ira.

674 1226 892 1286 San.deiral,15,
902 1233 926 1278 1.

1058 1054 1062 1106 t

235 1314 335 1366 Summa
353 1316 474 1380 professio
492 1317 624 1367 stultititae
642 1322 679 1368 est
702 1333 750 1368 nou
767 1321 803 1369 ire
822 1318 923 1371 obviam
943 1334 996 1370 sce·
1061 1307 1062 1336 ³

200 1407 294 1457 laribus
313 1409 433 1471 cogitatis,
454 1407 497 1458 sed
513 1423 612 1458 manere
631 1411 793 1473 opperirique,
812 1415 847 1468 ut,
865 1425 925 1460 cum
951 1409 995 1460 ad-

200 1501 276 1549 missa
303 1506 327 1548 et
350 1503 493 1562 perpetrata
515 1497 623 1556 fuerint,
650 1505 700 1548 tum
719 1500 838 1564 danique,
861 1499 906 1550 ubi
932 1515 995 1565 quae

198 1587 339 1639 factasunt
357 1587 450 1640 infecta
467 1589 519 1640 fieri
538 1605 586 1640 non
603 1599 713 1654 possunt,
732 1592 875 1654 puniantur.

686 1659 759 1709 Gam.
765 1661 794 1710 N.
806 1660 858 1710 Att.
867 1665 890 1719 7,
898 1665 923 1712 3.

233 1750 303 1799 Haec
316 1751 390 1798 tacita
406 1749 448 1798 lar
466 1753 503 1798 est
522 1750 689 1808 humanitatis,
709 1757 736 1800 ut
753 1749 785 1800 ab
810 1751 910 1802 homine
937 1768 993 1803 con-

197 1839 256 1899 silii,
276 1855 323 1890 non
340 1839 453 1890 fortunae
470 1855 549 1905 poena
566 1846 701 1905 repetatur.

268 1929 320 1982 Orc.
329 1929 371 1980 Or.
378 1945 422 1995 pro
429 1932 464 1980 M.
474 1931 540 1980 Tull.
548 1929 634 1995 fragm.
643 1932 665 1997 ξ.
674 1937 714 1982 51.
722 1948 745 1996 p.
755 1937 786 1982 63
795 1933 833 1984 ed.
840 1933 920 1984 Beier.

232 2023 370 2086 Numquam
392 2037 460 2071 mens
481 2024 550 2072 exitu
571 2023 724 2072 aestimanda
746 2029 790 2074 est.

462 2091 544 2150 Qorur.
553 2092 661 2142 Daciam.
670 2095 717 2142 281
727 2109 751 2158 p.
762 2097 808 2144 135
817 2094 854 2144 ed.
862 2096 917 2160 Bip.

233 2183 333 2234 Scelere
351 2197 449 2246 quoque
467 2183 579 2246 quamvis
608 2189 681 2233 extra
698 2186 793 2234 exitum
817 2185 992 2247 subsederunt,

196 2276 340 2339 puniuntur.
713 2275 768 2324 San.
776 2273 855 2326 Gontr.
863 2280 887 2335 4,
896 2281 917 2326 7.

228 2363 333 2416 Videbis
349 2379 379 2414 ea
398 2379 471 2429 saepo
490 2365 616 2422 committi,
635 2379 699 2428 quae
724 2381 799 2431 saepe
823 2367 989 2422 vindicantur.

634 2433 688 2484 San.
697 2435 804 2486 declam.
814 2441 836 2494 1,
844 2439 885 2494 23,
894 2443 915 2488 1.

229 2525 284 2574 Non
302 2523 380 2574 abnuo
399 2540 429 2574 ea
452 2523 612 2584 delictorum,
639 2540 703 2589 quae
729 2530 836 2590 grassari
862 2513 987 2582 inmodice

195 2620 337 2680 coeperunt,
354 2615 411 2680 plus
428 2630 506 2680 paene
524 2629 597 2680 quam
616 2631 699 2668 serere
718 2616 856 2668 excidenda
873 2634 933 2672 esse.

581 2705 868 2760 AuammvrordeGaes.
876 2713 916 2760 20.

231 2796 337 2846 Tantum
354 2795 452 2860 legibus
471 2798 608 2848 severitatis
626 2797 765 2848 addendum
783 2805 835 2858 est,
864 2806 985 2866 quantum

195 2887 291 2950 flagitia
307 2889 442 2936 creverunt.
690 2887 818 2940 Simmcu.
829 2895 867 2948 11,
878 2895 917 2943 13.

1058 1392 1062 1419 i
