2208 3402
506 272 553 319 113

127 388 276 455 dematque
295 393 411 441 virtutem
430 397 542 442 naturam
564 395 617 444 sine
632 393 750 452 doctrina,
782 411 856 460 quam
875 399 928 450 sine

127 487 216 531 natura
234 482 341 533 valuisse
361 482 505 533 doctrinam.
552 484 636 548 Atque
651 485 718 535 idem
736 502 780 550 ego
799 489 927 548 contendo,

128 586 186 622 cum
204 573 236 622 ad
260 578 371 624 naturam
398 576 515 624 eximiam
539 580 613 639 atque
638 576 768 627 inlustrem
794 581 927 630 accesserit

127 664 192 713 ratio
202 664 322 728 quaedam
336 663 545 729 conformatioque
554 666 688 724 doctrinae,
707 675 759 718 tum
770 668 834 719 iilud
845 652 936 721 neseio*

129 753 191 818 quid
208 755 362 818 praeclarum
381 772 410 806 ac
427 757 552 819 singulare
570 758 780 809 solere-existere.

590 827 642 878 Cre.
650 842 693 892 pro
701 828 776 878 Arch.
785 833 807 886 7,
818 833 856 879 15.

312 952 396 987 omnes
416 953 477 987 artes
489 953 551 989 inter
563 962 589 989 se
602 955 746 990 coniunctae.

165 1035 256 1088 Omnes
276 1045 349 1096 artes,
367 1053 431 1103 quae
447 1039 478 1088 ad
496 1038 674 1090 humanitatem
687 1043 818 1106 pertinent,
837 1041 929 1094 habent

130 1129 254 1192 quoddam
274 1144 402 1180 commune
420 1129 545 1180 vinculum
562 1133 586 1180 et
604 1132 675 1194 quasi
699 1134 845 1196 cognatione
865 1148 927 1198 qua-

130 1219 187 1269 dam
208 1220 273 1270 inter
291 1235 318 1270 se
335 1221 497 1270 continentur.
607 1220 710 1287 Urcpro
717 1222 855 1281 Arch.1,2.

166 1309 251 1360 Omnis
270 1309 382 1360 doctrina
406 1311 494 1362 herum
517 1313 680 1375 ingenuarum
709 1316 733 1362 et
763 1313 926 1365 humanarum

130 1405 220 1452 artium
238 1417 287 1452 uno
306 1401 413 1465 quodam
432 1403 557 1453 societatis
576 1403 673 1454 viuculo
691 1406 837 1454 continetur.

587 1472 639 1523 (irc.
647 1474 744 1524 decrat.
753 1477 775 1528 3.
784 1477 857 1533 6,21.

166 1563 248 1612 Mirus
272 1563 374 1627 quidam
391 1565 462 1626 quasi
482 1577 616 1613 consensus
637 1563 804 1614 doctrinarum
823 1580 928 1617 concen-

132 1655 221 1717 tusque
237 1655 374 1717 reperitur.»
778 1659 817 1705 Id.
825 1654 857 1705 ib.

294 1778 425 1814 Studiorum
439 1788 497 1822 quae
509 1779 569 1814 ratio
582 1780 724 1816 instituenda
736 1781 774 1816 sit.

167 1861 378 1923 Quemadmodum
396 1865 503 1914 omnium
520 1877 609 1921 rerum,
631 1865 667 1913 sic
684 1863 820 1914 litterarum
832 1879 930 1931 quoque

132 1955 320 2020 intemperantia
337 1953 489 2004 laboramus:
514 1955 652 2012 mentitae,
671 1953 715 2004 sed
734 1954 833 2004 scholae
852 1954 929 2006 disci-

133 2058 195 2095 mus.
601 2043 743 2108 Srn.Epist.
753 2047 857 2102 106‚12.

168 2136 229 2186 Plus
249 2136 356 2201 prodest
382 2137 404 2185 si
420 2150 500 2200 pauca
522 2141 654 2199 praecepta
678 2136 813 2198 sapientiae
837 2139 929 2194 teneas,

135 2227 179 2278 sed
199 2227 244 2277 illa
260 2229 287 2276 in
305 2231 419 2292 promptu
437 2225 483 2275 tibi
498 2230 522 2275 et
538 2228 563 2274 in
583 2221 629 2275 usu
649 2227 704 2283 sint,
723 2240 796 2289 quam
816 2228 838 2276 si
849 2225 929 2276 muita

134 2318 235 2384 quidem
255 2317 381 2375 didiceris,
400 2317 444 2368 sed
462 2315 508 2366 iila
523 2332 571 2366 non
590 2316 682 2366 habeas
700 2316 731 2366 ad
752 2331 859 2366 manum.

617 2405 828 2465 Snn.debenef.i‚
838 2411 860 2465 1,
870 2411 893 2457 3.

357 2534 466 2570 noemae
478 2533 601 2576 mumma
613 2533 716 2574 amour.

168 2620 262 2671 Natura
280 2619 374 2669 semina
391 2618 509 2668 scientiae
532 2616 604 2667 nobis
622 2615 705 2675 dedit,
730 2617 858 2666 scientiam
881 2631 930 2667 uon

135 2710 211 2762 dedit.
618 2705 672 2757 Sur.
679 2705 759 2771 Epist.
769 2708 825 2764 120,
833 2709 857 2756 4.

168 2801 223 2852 Non
241 2799 314 2851 datur
330 2799 362 2850 ad
380 2801 469 2850 Musas
488 2811 586 2849 currere
604 2797 655 2847 lata
673 2798 721 2847 ria.
916 2847 922 2858 ,

547 2868 668 2918 Paorrnn.
675 2865 746 2930 Eleg.
755 2870 778 2926 8,
788 2870 809 2924 1,
819 2870 859 2916 14.

715 2953 730 3002 8
