<?xml version="1.0" encoding="UTF-8"?>
<!DOCTYPE html PUBLIC "-//W3C//DTD XHTML 1.0 Transitional//EN"
    "http://www.w3.org/TR/xhtml1/DTD/xhtml1-transitional.dtd">
<html xmlns="http://www.w3.org/1999/xhtml" xml:lang="en" lang="en">
 <head>
  <title>
</title>
<meta http-equiv="Content-Type" content="text/html;charset=utf-8" />
  <meta name='ocr-system' content='tesseract 3.04.00' />
  <meta name='ocr-capabilities' content='ocr_page ocr_carea ocr_par ocr_line ocrx_word'/>
</head>
<body>
  <div class='ocr_page' id='page_1' title='image "./promptuariumsen00seyfgoog_0259.png"; bbox 0 0 2174 3400; ppageno 0'>
   <div class='ocr_carea' id='block_1_1' title="bbox 191 322 971 426">
    <p class='ocr_par' dir='ltr' id='par_1_1' title="bbox 191 322 971 426">
     <span class='ocr_line' id='line_1_1' title="bbox 191 322 971 426; baseline -0.001 -2"><span class='ocrx_word' id='word_1_1' title='bbox 191 376 245 426; x_wconf 90' lang='lat' dir='ltr'><strong>lias.</strong></span> <span class='ocrx_word' id='word_1_2' title='bbox 265 376 299 425; x_wconf 83' lang='lat' dir='ltr'><strong>llo</strong></span> <span class='ocrx_word' id='word_1_3' title='bbox 319 373 470 426; x_wconf 85' lang='lat' dir='ltr'><strong>mulieribus.</strong></span> <span class='ocrx_word' id='word_1_4' title='bbox 493 375 529 424; x_wconf 85' lang='lat' dir='ltr'><strong>lle</strong></span> <span class='ocrx_word' id='word_1_5' title='bbox 547 365 623 425; x_wconf 81' lang='lat' dir='ltr'><strong>alatro</strong></span> <span class='ocrx_word' id='word_1_6' title='bbox 641 374 756 424; x_wconf 74' lang='lat' dir='ltr'><strong>familias,</strong></span> <span class='ocrx_word' id='word_1_7' title='bbox 777 401 809 410; x_wconf 92' lang='lat'>-</span> <span class='ocrx_word' id='word_1_8' title='bbox 829 379 851 424; x_wconf 83' lang='grc'><strong>6.</strong></span> <span class='ocrx_word' id='word_1_9' title='bbox 863 375 899 424; x_wconf 81' lang='lat' dir='ltr'><strong>lle</strong></span> <span class='ocrx_word' id='word_1_10' title='bbox 921 322 971 369; x_wconf 50' lang='lat' dir='ltr'><strong>P*</strong></span> 
     </span>
    </p>
   </div>
   <div class='ocr_carea' id='block_1_2' title="bbox 192 445 901 579">
    <p class='ocr_par' dir='ltr' id='par_1_2' title="bbox 192 445 901 579">
     <span class='ocr_line' id='line_1_2' title="bbox 192 445 899 496; baseline 0 -2"><span class='ocrx_word' id='word_1_11' title='bbox 192 445 284 496; x_wconf 77' lang='lat' dir='ltr'><strong>liborio.</strong></span> <span class='ocrx_word' id='word_1_12' title='bbox 307 473 333 480; x_wconf 94' lang='lat'>-</span> <span class='ocrx_word' id='word_1_13' title='bbox 359 446 393 493; x_wconf 80' lang='lat' dir='ltr'><strong>llo</strong></span> <span class='ocrx_word' id='word_1_14' title='bbox 412 445 542 494; x_wconf 85' lang='lat' dir='ltr'><strong>liberorum</strong></span> <span class='ocrx_word' id='word_1_15' title='bbox 560 460 647 494; x_wconf 82' lang='lat' dir='ltr'><strong>amoro.</strong></span> <span class='ocrx_word' id='word_1_16' title='bbox 667 446 702 493; x_wconf 82' lang='lat' dir='ltr'><strong>llo</strong></span> <span class='ocrx_word' id='word_1_17' title='bbox 722 445 851 494; x_wconf 89' lang='lat' dir='ltr'><strong>liberorum</strong></span> <span class='ocrx_word' id='word_1_18' title='bbox 861 448 899 494; x_wconf 94' lang='lat' dir='ltr'><strong>in-</strong></span> 
     </span>
     <span class='ocr_line' id='line_1_3' title="bbox 192 513 901 579; baseline -0.001 -15"><span class='ocrx_word' id='word_1_19' title='bbox 192 521 228 565; x_wconf 88' lang='lat' dir='ltr'><strong>ter</strong></span> <span class='ocrx_word' id='word_1_20' title='bbox 252 531 279 564; x_wconf 91' lang='lat' dir='ltr'><strong>se</strong></span> <span class='ocrx_word' id='word_1_21' title='bbox 309 517 417 564; x_wconf 87' lang='lat' dir='ltr'><strong>caritate.</strong></span> <span class='ocrx_word' id='word_1_22' title='bbox 456 513 539 564; x_wconf 83' lang='lat' dir='ltr'><strong>Liberi</strong></span> <span class='ocrx_word' id='word_1_23' title='bbox 564 514 697 578; x_wconf 87' lang='lat' dir='ltr'><strong>aliquando</strong></span> <span class='ocrx_word' id='word_1_24' title='bbox 720 532 734 564; x_wconf 91' lang='lat' dir='ltr'><strong>a</strong></span> <span class='ocrx_word' id='word_1_25' title='bbox 759 513 901 579; x_wconf 84' lang='lat' dir='ltr'><strong>parentibus</strong></span> 
     </span>
    </p>
   </div>
   <div class='ocr_carea' id='block_1_3' title="bbox 190 583 899 1122">
    <p class='ocr_par' dir='ltr' id='par_1_3' title="bbox 190 583 899 1122">
     <span class='ocr_line' id='line_1_4' title="bbox 191 583 899 634; baseline 0 0"><span class='ocrx_word' id='word_1_26' title='bbox 191 585 341 634; x_wconf 86' lang='lat' dir='ltr'><strong>desciscunt.</strong></span> <span class='ocrx_word' id='word_1_27' title='bbox 362 611 392 620; x_wconf 81' lang='lat'>-</span> <span class='ocrx_word' id='word_1_28' title='bbox 414 585 450 633; x_wconf 85' lang='lat' dir='ltr'><strong>Do</strong></span> <span class='ocrx_word' id='word_1_29' title='bbox 477 583 608 633; x_wconf 85' lang='lat' dir='ltr'><strong>liberorum</strong></span> <span class='ocrx_word' id='word_1_30' title='bbox 627 585 777 633; x_wconf 73' lang='lat' dir='ltr'>educatione.</span> <span class='ocrx_word' id='word_1_31' title='bbox 806 585 842 634; x_wconf 90' lang='lat' dir='ltr'><strong>De</strong></span> <span class='ocrx_word' id='word_1_32' title='bbox 860 587 899 634; x_wconf 90' lang='lat' dir='ltr'><strong>in-</strong></span> 
     </span>
     <span class='ocr_line' id='line_1_5' title="bbox 191 653 895 718; baseline -0.001 -15"><span class='ocrx_word' id='word_1_33' title='bbox 191 653 319 718; x_wconf 82' lang='lat' dir='ltr'>dulgentia</span> <span class='ocrx_word' id='word_1_34' title='bbox 336 656 361 703; x_wconf 95' lang='lat' dir='ltr'><strong>in</strong></span> <span class='ocrx_word' id='word_1_35' title='bbox 377 653 474 704; x_wconf 84' lang='lat' dir='ltr'><strong>liberos.</strong></span> <span class='ocrx_word' id='word_1_36' title='bbox 491 681 516 689; x_wconf 90' lang='lat'><em>-</em></span> <span class='ocrx_word' id='word_1_37' title='bbox 541 659 563 703; x_wconf 87' lang='grc'><strong>7,</strong></span> <span class='ocrx_word' id='word_1_38' title='bbox 580 654 614 702; x_wconf 80' lang='lat' dir='ltr'><strong>llo</strong></span> <span class='ocrx_word' id='word_1_39' title='bbox 628 656 663 703; x_wconf 79' lang='lat' dir='ltr'><strong>roi</strong></span> <span class='ocrx_word' id='word_1_40' title='bbox 682 653 812 703; x_wconf 85' lang='lat' dir='ltr'><strong>familiaris</strong></span> <span class='ocrx_word' id='word_1_41' title='bbox 831 669 895 703; x_wconf 88' lang='lat' dir='ltr'><strong>cura.</strong></span> 
     </span>
     <span class='ocr_line' id='line_1_6' title="bbox 195 723 898 788; baseline -0.001 -15"><span class='ocrx_word' id='word_1_42' title='bbox 195 752 223 759; x_wconf 93' lang='lat'>—</span> <span class='ocrx_word' id='word_1_43' title='bbox 245 726 267 773; x_wconf 88' lang='lat'><strong>8.</strong></span> <span class='ocrx_word' id='word_1_44' title='bbox 281 724 318 773; x_wconf 87' lang='lat' dir='ltr'><strong>De</strong></span> <span class='ocrx_word' id='word_1_45' title='bbox 336 723 415 773; x_wconf 91' lang='lat' dir='ltr'><strong>domo.</strong></span> <span class='ocrx_word' id='word_1_46' title='bbox 433 725 469 772; x_wconf 84' lang='lat' dir='ltr'><strong>llo</strong></span> <span class='ocrx_word' id='word_1_47' title='bbox 487 726 561 788; x_wconf 78' lang='lat' dir='ltr'><strong>agris.</strong></span> <span class='ocrx_word' id='word_1_48' title='bbox 581 724 616 772; x_wconf 77' lang='lat' dir='ltr'><strong>llo</strong></span> <span class='ocrx_word' id='word_1_49' title='bbox 627 738 738 787; x_wconf 71' lang='lat' dir='ltr'><strong>agrorum</strong></span> <span class='ocrx_word' id='word_1_50' title='bbox 753 723 898 774; x_wconf 88' lang='lat' dir='ltr'><strong>cultura.—</strong></span> 
     </span>
     <span class='ocr_line' id='line_1_7' title="bbox 192 793 898 858; baseline -0.001 -15"><span class='ocrx_word' id='word_1_51' title='bbox 192 796 215 843; x_wconf 85' lang='lat'><strong>9.</strong></span> <span class='ocrx_word' id='word_1_52' title='bbox 225 794 261 842; x_wconf 87' lang='lat' dir='ltr'><strong>De</strong></span> <span class='ocrx_word' id='word_1_53' title='bbox 277 795 388 858; x_wconf 83' lang='lat' dir='ltr'><strong>pecunia.</strong></span> <span class='ocrx_word' id='word_1_54' title='bbox 412 821 443 829; x_wconf 94' lang='lat'><em>-</em></span> <span class='ocrx_word' id='word_1_55' title='bbox 472 797 510 842; x_wconf 89' lang='lat'><strong>10.</strong></span> <span class='ocrx_word' id='word_1_56' title='bbox 523 793 558 841; x_wconf 88' lang='lat' dir='ltr'><strong>De</strong></span> <span class='ocrx_word' id='word_1_57' title='bbox 577 793 681 844; x_wconf 79' lang='lat' dir='ltr'><strong>diuitiis.</strong></span> <span class='ocrx_word' id='word_1_58' title='bbox 703 819 722 827; x_wconf 39' lang='grc' dir='ltr'><strong><em>ἡ</em></strong></span> <span class='ocrx_word' id='word_1_59' title='bbox 754 796 792 842; x_wconf 88' lang='lat'><strong>11.</strong></span> <span class='ocrx_word' id='word_1_60' title='bbox 803 794 839 842; x_wconf 88' lang='lat' dir='ltr'><strong>De</strong></span> <span class='ocrx_word' id='word_1_61' title='bbox 861 795 898 842; x_wconf 89' lang='lat' dir='ltr'><strong>rei</strong></span> 
     </span>
     <span class='ocr_line' id='line_1_8' title="bbox 190 863 896 926; baseline -0.001 -14"><span class='ocrx_word' id='word_1_62' title='bbox 190 863 321 913; x_wconf 82' lang='lat' dir='ltr'><strong>familiaris</strong></span> <span class='ocrx_word' id='word_1_63' title='bbox 339 865 440 912; x_wconf 90' lang='lat' dir='ltr'><strong>iactura.</strong></span> <span class='ocrx_word' id='word_1_64' title='bbox 455 890 482 896; x_wconf 96' lang='lat'><strong>--</strong></span> <span class='ocrx_word' id='word_1_65' title='bbox 505 865 543 910; x_wconf 78' lang='lat'><strong>12.</strong></span> <span class='ocrx_word' id='word_1_66' title='bbox 560 863 596 911; x_wconf 84' lang='lat' dir='ltr'><strong>Do</strong></span> <span class='ocrx_word' id='word_1_67' title='bbox 614 867 764 926; x_wconf 80' lang='lat' dir='ltr'><strong>paupertate.</strong></span> <span class='ocrx_word' id='word_1_68' title='bbox 785 863 821 912; x_wconf 84' lang='lat' dir='ltr'><strong>lle</strong></span> <span class='ocrx_word' id='word_1_69' title='bbox 839 879 896 926; x_wconf 78' lang='lat' dir='ltr'><strong>ege-</strong></span> 
     </span>
     <span class='ocr_line' id='line_1_9' title="bbox 192 931 895 995; baseline -0.003 -13"><span class='ocrx_word' id='word_1_70' title='bbox 192 939 261 983; x_wconf 87' lang='lat' dir='ltr'><strong>state.</strong></span> <span class='ocrx_word' id='word_1_71' title='bbox 276 959 306 968; x_wconf 90' lang='lat'><strong>·-</strong></span> <span class='ocrx_word' id='word_1_72' title='bbox 328 937 366 982; x_wconf 86' lang='lat'><strong>13.</strong></span> <span class='ocrx_word' id='word_1_73' title='bbox 378 933 413 981; x_wconf 83' lang='lat' dir='ltr'><strong>lle</strong></span> <span class='ocrx_word' id='word_1_74' title='bbox 425 946 480 981; x_wconf 86' lang='lat' dir='ltr'><strong>acro</strong></span> <span class='ocrx_word' id='word_1_75' title='bbox 491 931 577 981; x_wconf 87' lang='lat' dir='ltr'><strong>alieno.</strong></span> <span class='ocrx_word' id='word_1_76' title='bbox 593 959 624 968; x_wconf 88' lang='lat'><em>—</em></span> <span class='ocrx_word' id='word_1_77' title='bbox 644 936 683 980; x_wconf 87' lang='lat'><strong>14.</strong></span> <span class='ocrx_word' id='word_1_78' title='bbox 695 932 730 982; x_wconf 81' lang='lat' dir='ltr'><strong>lle</strong></span> <span class='ocrx_word' id='word_1_79' title='bbox 741 935 895 995; x_wconf 80' lang='lat' dir='ltr'><strong>parsimonia.</strong></span> 
     </span>
     <span class='ocr_line' id='line_1_10' title="bbox 192 1000 897 1066; baseline 0.001 -15"><span class='ocrx_word' id='word_1_80' title='bbox 192 1029 225 1039; x_wconf 91' lang='lat'><em>-</em></span> <span class='ocrx_word' id='word_1_81' title='bbox 250 1005 288 1052; x_wconf 85' lang='lat'><strong>15.</strong></span> <span class='ocrx_word' id='word_1_82' title='bbox 306 1002 342 1051; x_wconf 88' lang='lat' dir='ltr'><strong>Do</strong></span> <span class='ocrx_word' id='word_1_83' title='bbox 367 1003 475 1051; x_wconf 82' lang='lat' dir='ltr'><strong>auaritia.</strong></span> <span class='ocrx_word' id='word_1_84' title='bbox 505 1029 536 1036; x_wconf 90' lang='lat'>-</span> <span class='ocrx_word' id='word_1_85' title='bbox 564 1005 602 1051; x_wconf 88' lang='lat'><strong>16.</strong></span> <span class='ocrx_word' id='word_1_86' title='bbox 617 1001 653 1051; x_wconf 82' lang='lat' dir='ltr'><strong>Do</strong></span> <span class='ocrx_word' id='word_1_87' title='bbox 681 1000 830 1066; x_wconf 81' lang='lat' dir='ltr'><strong>prolusione.</strong></span> <span class='ocrx_word' id='word_1_88' title='bbox 862 1001 897 1052; x_wconf 81' lang='lat' dir='ltr'><strong>Ile</strong></span> 
     </span>
     <span class='ocr_line' id='line_1_11' title="bbox 193 1071 298 1122; baseline -0.019 0"><span class='ocrx_word' id='word_1_89' title='bbox 193 1071 298 1122; x_wconf 87' lang='lat' dir='ltr'><strong>luxuria.</strong></span> 
     </span>
    </p>
   </div>
   <div class='ocr_carea' id='block_1_4' title="bbox 239 1175 905 1293">
    <p class='ocr_par' dir='ltr' id='par_1_4' title="bbox 239 1175 905 1293">
     <span class='ocr_line' id='line_1_12' title="bbox 239 1175 905 1222; baseline -0.003 -2"><span class='ocrx_word' id='word_1_90' title='bbox 239 1177 299 1222; x_wconf 90' lang='lat' dir='ltr'><strong>DD.</strong></span> <span class='ocrx_word' id='word_1_91' title='bbox 311 1179 353 1222; x_wconf 87' lang='lat' dir='ltr'><strong>De</strong></span> <span class='ocrx_word' id='word_1_92' title='bbox 365 1178 515 1222; x_wconf 86' lang='lat' dir='ltr'><strong>hominum</strong></span> <span class='ocrx_word' id='word_1_93' title='bbox 527 1177 600 1220; x_wconf 87' lang='lat' dir='ltr'><strong>inter</strong></span> <span class='ocrx_word' id='word_1_94' title='bbox 612 1187 642 1220; x_wconf 80' lang='lat' dir='ltr'><strong>ae</strong></span> <span class='ocrx_word' id='word_1_95' title='bbox 655 1175 864 1220; x_wconf 74' lang='lat' dir='ltr'><strong>consociatione</strong></span> <span class='ocrx_word' id='word_1_96' title='bbox 877 1176 905 1219; x_wconf 85' lang='lat' dir='ltr'><strong>et</strong></span> 
     </span>
     <span class='ocr_line' id='line_1_13' title="bbox 462 1249 671 1293; baseline -0.005 -1"><span class='ocrx_word' id='word_1_97' title='bbox 462 1249 671 1293; x_wconf 81' lang='lat' dir='ltr'><strong>communitate.</strong></span> 
     </span>
    </p>
   </div>
   <div class='ocr_carea' id='block_1_5' title="bbox 557 1346 576 1395">
    <p class='ocr_par' dir='ltr' id='par_1_5' title="bbox 557 1346 576 1395">
     <span class='ocr_line' id='line_1_14' title="bbox 557 1346 576 1395; baseline 0.053 -1"><span class='ocrx_word' id='word_1_98' title='bbox 557 1346 576 1395; x_wconf 92' lang='lat' dir='ltr'><strong>I.</strong></span> 
     </span>
    </p>
   </div>
   <div class='ocr_carea' id='block_1_6' title="bbox 173 1435 971 1487">
    <p class='ocr_par' dir='ltr' id='par_1_6' title="bbox 173 1435 971 1487">
     <span class='ocr_line' id='line_1_15' title="bbox 173 1435 971 1487; baseline -0.001 -2"><span class='ocrx_word' id='word_1_99' title='bbox 173 1435 210 1486; x_wconf 91' lang='lat' dir='ltr'><strong>De</strong></span> <span class='ocrx_word' id='word_1_100' title='bbox 228 1435 354 1486; x_wconf 89' lang='lat' dir='ltr'><strong>hominum</strong></span> <span class='ocrx_word' id='word_1_101' title='bbox 372 1437 552 1487; x_wconf 79' lang='lat' dir='ltr'><strong>ooursociationo</strong></span> <span class='ocrx_word' id='word_1_102' title='bbox 588 1473 898 1486; x_wconf 90' lang='grc'>........</span> <span class='ocrx_word' id='word_1_103' title='bbox 921 1437 971 1484; x_wconf 81' lang='grc'><strong>185</strong></span> 
     </span>
    </p>
   </div>
   <div class='ocr_carea' id='block_1_7' title="bbox 191 1524 900 1994">
    <p class='ocr_par' dir='ltr' id='par_1_7' title="bbox 191 1524 900 1994">
     <span class='ocr_line' id='line_1_16' title="bbox 210 1524 898 1577; baseline -0.003 -2"><span class='ocrx_word' id='word_1_104' title='bbox 210 1529 232 1575; x_wconf 86' lang='lat'><strong>1.</strong></span> <span class='ocrx_word' id='word_1_105' title='bbox 245 1526 281 1576; x_wconf 90' lang='lat' dir='ltr'><strong>De</strong></span> <span class='ocrx_word' id='word_1_106' title='bbox 300 1527 441 1576; x_wconf 85' lang='lat' dir='ltr'><strong>solitudine.</strong></span> <span class='ocrx_word' id='word_1_107' title='bbox 462 1555 494 1564; x_wconf 84' lang='lat'><em>-</em></span> <span class='ocrx_word' id='word_1_108' title='bbox 515 1530 537 1575; x_wconf 80' lang='lat'><strong>2.</strong></span> <span class='ocrx_word' id='word_1_109' title='bbox 552 1527 587 1576; x_wconf 87' lang='lat' dir='ltr'><strong>De</strong></span> <span class='ocrx_word' id='word_1_110' title='bbox 607 1529 729 1577; x_wconf 81' lang='lat' dir='ltr'><strong>societate.</strong></span> <span class='ocrx_word' id='word_1_111' title='bbox 744 1553 776 1562; x_wconf 90' lang='lat'>-</span> <span class='ocrx_word' id='word_1_112' title='bbox 789 1524 831 1575; x_wconf 87' lang='lat' dir='ltr'><strong>Ad</strong></span> <span class='ocrx_word' id='word_1_113' title='bbox 841 1539 898 1574; x_wconf 89' lang='lat' dir='ltr'><strong>con-</strong></span> 
     </span>
     <span class='ocr_line' id='line_1_17' title="bbox 191 1595 898 1660; baseline -0.001 -16"><span class='ocrx_word' id='word_1_114' title='bbox 191 1597 356 1660; x_wconf 75' lang='lat' dir='ltr'><strong>gregationem</strong></span> <span class='ocrx_word' id='word_1_115' title='bbox 383 1598 434 1646; x_wconf 87' lang='lat' dir='ltr'><strong>nati</strong></span> <span class='ocrx_word' id='word_1_116' title='bbox 457 1611 550 1646; x_wconf 86' lang='lat' dir='ltr'><strong>sumus.</strong></span> <span class='ocrx_word' id='word_1_117' title='bbox 576 1595 637 1646; x_wconf 85' lang='lat' dir='ltr'>Sunt</span> <span class='ocrx_word' id='word_1_118' title='bbox 663 1595 745 1660; x_wconf 87' lang='lat' dir='ltr'><strong>plures</strong></span> <span class='ocrx_word' id='word_1_119' title='bbox 773 1596 898 1646; x_wconf 86' lang='lat' dir='ltr'><strong>societatis</strong></span> 
     </span>
     <span class='ocr_line' id='line_1_18' title="bbox 191 1663 898 1730; baseline -0.001 -16"><span class='ocrx_word' id='word_1_120' title='bbox 191 1665 290 1730; x_wconf 86' lang='lat' dir='ltr'><strong>gradus.</strong></span> <span class='ocrx_word' id='word_1_121' title='bbox 312 1667 348 1715; x_wconf 88' lang='lat' dir='ltr'><strong>De</strong></span> <span class='ocrx_word' id='word_1_122' title='bbox 368 1667 434 1716; x_wconf 91' lang='lat' dir='ltr'><strong>socio</strong></span> <span class='ocrx_word' id='word_1_123' title='bbox 452 1673 476 1716; x_wconf 89' lang='lat' dir='ltr'><strong>et</strong></span> <span class='ocrx_word' id='word_1_124' title='bbox 495 1667 639 1717; x_wconf 82' lang='lat' dir='ltr'><strong>convictore.</strong></span> <span class='ocrx_word' id='word_1_125' title='bbox 660 1666 695 1715; x_wconf 88' lang='lat' dir='ltr'><strong>De</strong></span> <span class='ocrx_word' id='word_1_126' title='bbox 715 1663 853 1715; x_wconf 74' lang='lat' dir='ltr'><strong>comitibus.</strong></span> <span class='ocrx_word' id='word_1_127' title='bbox 872 1691 898 1700; x_wconf 84' lang='lat'>-</span> 
     </span>
     <span class='ocr_line' id='line_1_19' title="bbox 191 1734 899 1800; baseline 0 -17"><span class='ocrx_word' id='word_1_128' title='bbox 191 1735 228 1784; x_wconf 92' lang='lat' dir='ltr'><strong>De</strong></span> <span class='ocrx_word' id='word_1_129' title='bbox 254 1735 354 1785; x_wconf 90' lang='lat' dir='ltr'><strong>circulis</strong></span> <span class='ocrx_word' id='word_1_130' title='bbox 378 1741 402 1785; x_wconf 91' lang='lat' dir='ltr'><strong>et</strong></span> <span class='ocrx_word' id='word_1_131' title='bbox 429 1737 555 1786; x_wconf 78' lang='lat' dir='ltr'><strong>conuiuiis.</strong></span> <span class='ocrx_word' id='word_1_132' title='bbox 582 1735 617 1785; x_wconf 89' lang='lat' dir='ltr'><strong>De</strong></span> <span class='ocrx_word' id='word_1_133' title='bbox 637 1736 751 1800; x_wconf 86' lang='lat' dir='ltr'><strong>hospitio.</strong></span> <span class='ocrx_word' id='word_1_134' title='bbox 774 1763 804 1770; x_wconf 88' lang='lat'><strong>—</strong></span> <span class='ocrx_word' id='word_1_135' title='bbox 825 1738 848 1784; x_wconf 84' lang='lat'><strong>3.</strong></span> <span class='ocrx_word' id='word_1_136' title='bbox 863 1734 899 1783; x_wconf 85' lang='lat' dir='ltr'><strong>lle</strong></span> 
     </span>
     <span class='ocr_line' id='line_1_20' title="bbox 193 1802 900 1868; baseline -0.003 -14"><span class='ocrx_word' id='word_1_137' title='bbox 193 1818 241 1854; x_wconf 88' lang='lat' dir='ltr'><strong>usu</strong></span> <span class='ocrx_word' id='word_1_138' title='bbox 257 1809 281 1854; x_wconf 87' lang='lat' dir='ltr'><strong>et</strong></span> <span class='ocrx_word' id='word_1_139' title='bbox 299 1804 484 1855; x_wconf 88' lang='lat' dir='ltr'><strong>consuetudine.</strong></span> <span class='ocrx_word' id='word_1_140' title='bbox 504 1833 536 1842; x_wconf 84' lang='lat'><strong>-—</strong></span> <span class='ocrx_word' id='word_1_141' title='bbox 558 1805 595 1854; x_wconf 84' lang='lat' dir='ltr'><strong>De</strong></span> <span class='ocrx_word' id='word_1_142' title='bbox 613 1806 808 1868; x_wconf 77' lang='lat' dir='ltr'><strong>congregatione.</strong></span> <span class='ocrx_word' id='word_1_143' title='bbox 835 1802 900 1862; x_wconf 84' lang='lat' dir='ltr'><strong>Qua-</strong></span> 
     </span>
     <span class='ocr_line' id='line_1_21' title="bbox 192 1872 898 1940; baseline -0.001 -18"><span class='ocrx_word' id='word_1_144' title='bbox 192 1872 241 1923; x_wconf 86' lang='lat' dir='ltr'><strong>lem</strong></span> <span class='ocrx_word' id='word_1_145' title='bbox 259 1875 285 1923; x_wconf 90' lang='lat' dir='ltr'><strong>in</strong></span> <span class='ocrx_word' id='word_1_146' title='bbox 307 1873 410 1924; x_wconf 83' lang='lat' dir='ltr'><strong>aliorum</strong></span> <span class='ocrx_word' id='word_1_147' title='bbox 429 1889 477 1924; x_wconf 88' lang='lat' dir='ltr'><strong>usu</strong></span> <span class='ocrx_word' id='word_1_148' title='bbox 496 1879 519 1924; x_wconf 79' lang='lat' dir='ltr'><strong>te</strong></span> <span class='ocrx_word' id='word_1_149' title='bbox 544 1873 671 1940; x_wconf 78' lang='lat' dir='ltr'><strong>praebeas.</strong></span> <span class='ocrx_word' id='word_1_150' title='bbox 696 1875 732 1924; x_wconf 82' lang='lat' dir='ltr'><strong>Ilo</strong></span> <span class='ocrx_word' id='word_1_151' title='bbox 747 1875 898 1924; x_wconf 84' lang='lat' dir='ltr'><strong>commercio.</strong></span> 
     </span>
     <span class='ocr_line' id='line_1_22' title="bbox 193 1943 390 1994; baseline 0.005 -2"><span class='ocrx_word' id='word_1_152' title='bbox 193 1943 230 1992; x_wconf 89' lang='lat' dir='ltr'><strong>De</strong></span> <span class='ocrx_word' id='word_1_153' title='bbox 247 1951 390 1994; x_wconf 88' lang='lat' dir='ltr'><strong>mercatura.</strong></span> 
     </span>
    </p>
   </div>
   <div class='ocr_carea' id='block_1_8' title="bbox 174 2033 972 2176">
    <p class='ocr_par' dir='ltr' id='par_1_8' title="bbox 174 2033 972 2176">
     <span class='ocr_line' id='line_1_23' title="bbox 560 2033 595 2083; baseline 0 0"><span class='ocrx_word' id='word_1_154' title='bbox 560 2033 595 2083; x_wconf 91' lang='lat' dir='ltr'><strong>II.</strong></span> 
     </span>
     <span class='ocr_line' id='line_1_24' title="bbox 174 2123 972 2176; baseline -0.004 -2"><span class='ocrx_word' id='word_1_155' title='bbox 174 2123 211 2174; x_wconf 90' lang='lat' dir='ltr'><strong>De</strong></span> <span class='ocrx_word' id='word_1_156' title='bbox 230 2138 340 2176; x_wconf 87' lang='lat' dir='ltr'><strong>sermone</strong></span> <span class='ocrx_word' id='word_1_157' title='bbox 375 2159 898 2176; x_wconf 86' lang='lat'><strong>.............</strong></span> <span class='ocrx_word' id='word_1_158' title='bbox 921 2124 972 2171; x_wconf 81' lang='lat'><strong>139</strong></span> 
     </span>
    </p>
   </div>
   <div class='ocr_carea' id='block_1_9' title="bbox 193 2211 901 2914">
    <p class='ocr_par' dir='ltr' id='par_1_9' title="bbox 193 2211 901 2914">
     <span class='ocr_line' id='line_1_25' title="bbox 213 2211 899 2279; baseline -0.001 -16"><span class='ocrx_word' id='word_1_159' title='bbox 213 2219 235 2265; x_wconf 93' lang='lat'><strong>1.</strong></span> <span class='ocrx_word' id='word_1_160' title='bbox 246 2215 283 2264; x_wconf 90' lang='lat' dir='ltr'><strong>De</strong></span> <span class='ocrx_word' id='word_1_161' title='bbox 303 2215 403 2279; x_wconf 79' lang='lat' dir='ltr'><strong>linguae</strong></span> <span class='ocrx_word' id='word_1_162' title='bbox 421 2231 468 2265; x_wconf 89' lang='lat' dir='ltr'><strong>usu</strong></span> <span class='ocrx_word' id='word_1_163' title='bbox 486 2221 510 2266; x_wconf 88' lang='lat' dir='ltr'><strong>ot</strong></span> <span class='ocrx_word' id='word_1_164' title='bbox 528 2215 614 2265; x_wconf 88' lang='lat' dir='ltr'><strong>abusu.</strong></span> <span class='ocrx_word' id='word_1_165' title='bbox 633 2216 670 2265; x_wconf 86' lang='lat' dir='ltr'><strong>De</strong></span> <span class='ocrx_word' id='word_1_166' title='bbox 687 2217 799 2266; x_wconf 87' lang='lat' dir='ltr'><strong>cautione</strong></span> <span class='ocrx_word' id='word_1_167' title='bbox 817 2215 843 2262; x_wconf 94' lang='lat' dir='ltr'><strong>in</strong></span> <span class='ocrx_word' id='word_1_168' title='bbox 861 2211 899 2262; x_wconf 92' lang='lat' dir='ltr'><strong>lo-</strong></span> 
     </span>
     <span class='ocr_line' id='line_1_26' title="bbox 193 2283 899 2348; baseline -0.003 -14"><span class='ocrx_word' id='word_1_169' title='bbox 193 2283 298 2348; x_wconf 90' lang='lat' dir='ltr'><strong>quendo.</strong></span> <span class='ocrx_word' id='word_1_170' title='bbox 316 2285 352 2335; x_wconf 89' lang='lat' dir='ltr'><strong>De</strong></span> <span class='ocrx_word' id='word_1_171' title='bbox 371 2284 477 2336; x_wconf 85' lang='lat' dir='ltr'><strong>silentio.</strong></span> <span class='ocrx_word' id='word_1_172' title='bbox 499 2312 528 2322; x_wconf 91' lang='lat'><em>-</em></span> <span class='ocrx_word' id='word_1_173' title='bbox 552 2289 574 2334; x_wconf 77' lang='grc'><strong>2.</strong></span> <span class='ocrx_word' id='word_1_174' title='bbox 586 2286 623 2336; x_wconf 80' lang='lat' dir='ltr'><strong>lle</strong></span> <span class='ocrx_word' id='word_1_175' title='bbox 635 2283 797 2335; x_wconf 83' lang='lat' dir='ltr'><strong>adfabilitate.</strong></span> <span class='ocrx_word' id='word_1_176' title='bbox 817 2283 853 2333; x_wconf 90' lang='lat' dir='ltr'><strong>De</strong></span> <span class='ocrx_word' id='word_1_177' title='bbox 862 2284 899 2332; x_wconf 91' lang='lat' dir='ltr'><strong>io-</strong></span> 
     </span>
     <span class='ocr_line' id='line_1_27' title="bbox 194 2352 901 2406; baseline -0.006 -2"><span class='ocrx_word' id='word_1_178' title='bbox 194 2357 231 2404; x_wconf 89' lang='lat' dir='ltr'><strong>ois</strong></span> <span class='ocrx_word' id='word_1_179' title='bbox 252 2359 276 2406; x_wconf 83' lang='lat' dir='ltr'><strong>et</strong></span> <span class='ocrx_word' id='word_1_180' title='bbox 295 2353 401 2404; x_wconf 87' lang='lat' dir='ltr'><strong>facetiis.</strong></span> <span class='ocrx_word' id='word_1_181' title='bbox 420 2382 453 2391; x_wconf 92' lang='lat'>-</span> <span class='ocrx_word' id='word_1_182' title='bbox 474 2359 496 2406; x_wconf 82' lang='lat'><strong>3.</strong></span> <span class='ocrx_word' id='word_1_183' title='bbox 507 2355 543 2404; x_wconf 88' lang='lat' dir='ltr'><strong>De</strong></span> <span class='ocrx_word' id='word_1_184' title='bbox 562 2357 670 2405; x_wconf 87' lang='lat' dir='ltr'><strong>veritate.</strong></span> <span class='ocrx_word' id='word_1_185' title='bbox 690 2355 726 2404; x_wconf 85' lang='lat' dir='ltr'><strong>De</strong></span> <span class='ocrx_word' id='word_1_186' title='bbox 745 2352 901 2404; x_wconf 80' lang='lat' dir='ltr'><strong>simulatione</strong></span> 
     </span>
     <span class='ocr_line' id='line_1_28' title="bbox 193 2421 898 2475; baseline -0.006 -1"><span class='ocrx_word' id='word_1_187' title='bbox 193 2431 219 2474; x_wconf 90' lang='lat' dir='ltr'><strong>et</strong></span> <span class='ocrx_word' id='word_1_188' title='bbox 242 2423 411 2475; x_wconf 88' lang='lat' dir='ltr'><strong>occultatione.</strong></span> <span class='ocrx_word' id='word_1_189' title='bbox 444 2425 482 2475; x_wconf 90' lang='lat' dir='ltr'><strong>De</strong></span> <span class='ocrx_word' id='word_1_190' title='bbox 505 2426 679 2474; x_wconf 80' lang='lat' dir='ltr'><strong>taciturnitate.</strong></span> <span class='ocrx_word' id='word_1_191' title='bbox 703 2423 740 2474; x_wconf 89' lang='lat' dir='ltr'><strong>De</strong></span> <span class='ocrx_word' id='word_1_192' title='bbox 764 2421 898 2473; x_wconf 89' lang='lat' dir='ltr'><strong>mendacio.</strong></span> 
     </span>
     <span class='ocr_line' id='line_1_29' title="bbox 193 2491 899 2558; baseline -0.006 -15"><span class='ocrx_word' id='word_1_193' title='bbox 193 2521 228 2531; x_wconf 93' lang='lat'><em>-</em></span> <span class='ocrx_word' id='word_1_194' title='bbox 246 2497 270 2543; x_wconf 85' lang='grc'><strong>4.</strong></span> <span class='ocrx_word' id='word_1_195' title='bbox 283 2494 320 2544; x_wconf 91' lang='lat' dir='ltr'><strong>De</strong></span> <span class='ocrx_word' id='word_1_196' title='bbox 348 2494 517 2558; x_wconf 83' lang='lat' dir='ltr'><strong>gratulatione.</strong></span> <span class='ocrx_word' id='word_1_197' title='bbox 538 2521 569 2531; x_wconf 89' lang='lat'><em>-</em></span> <span class='ocrx_word' id='word_1_198' title='bbox 589 2500 612 2545; x_wconf 80' lang='lat' dir='ltr'><strong>t.</strong></span> <span class='ocrx_word' id='word_1_199' title='bbox 625 2495 661 2544; x_wconf 87' lang='lat' dir='ltr'><strong>De</strong></span> <span class='ocrx_word' id='word_1_200' title='bbox 686 2493 839 2544; x_wconf 85' lang='lat' dir='ltr'><strong>adsensione.</strong></span> <span class='ocrx_word' id='word_1_201' title='bbox 862 2491 899 2540; x_wconf 87' lang='lat' dir='ltr'><strong>De</strong></span> 
     </span>
     <span class='ocr_line' id='line_1_30' title="bbox 193 2560 899 2615; baseline -0.006 -2"><span class='ocrx_word' id='word_1_202' title='bbox 193 2563 342 2614; x_wconf 86' lang='lat' dir='ltr'><strong>adulatione.</strong></span> <span class='ocrx_word' id='word_1_203' title='bbox 362 2565 398 2614; x_wconf 82' lang='lat' dir='ltr'><strong>lle</strong></span> <span class='ocrx_word' id='word_1_204' title='bbox 417 2564 579 2615; x_wconf 87' lang='lat' dir='ltr'><strong>dissensione.</strong></span> <span class='ocrx_word' id='word_1_205' title='bbox 602 2591 632 2600; x_wconf 89' lang='lat'><strong>-·</strong></span> <span class='ocrx_word' id='word_1_206' title='bbox 654 2567 676 2614; x_wconf 84' lang='lat'><strong>6.</strong></span> <span class='ocrx_word' id='word_1_207' title='bbox 688 2564 725 2614; x_wconf 85' lang='lat' dir='ltr'><strong>De</strong></span> <span class='ocrx_word' id='word_1_208' title='bbox 745 2560 899 2613; x_wconf 83' lang='lat' dir='ltr'><strong>credulitate.</strong></span> 
     </span>
     <span class='ocr_line' id='line_1_31' title="bbox 194 2632 898 2696; baseline 0 -14"><span class='ocrx_word' id='word_1_209' title='bbox 194 2634 231 2683; x_wconf 87' lang='lat' dir='ltr'><strong>Do</strong></span> <span class='ocrx_word' id='word_1_210' title='bbox 255 2633 311 2683; x_wconf 87' lang='lat' dir='ltr'><strong>fido.</strong></span> <span class='ocrx_word' id='word_1_211' title='bbox 332 2661 364 2670; x_wconf 98' lang='lat'><em>-</em></span> <span class='ocrx_word' id='word_1_212' title='bbox 384 2635 456 2684; x_wconf 57' lang='lat' dir='ltr'><strong>[De</strong></span> <span class='ocrx_word' id='word_1_213' title='bbox 480 2634 644 2684; x_wconf 85' lang='lat' dir='ltr'><strong>admonitione</strong></span> <span class='ocrx_word' id='word_1_214' title='bbox 668 2637 693 2682; x_wconf 89' lang='lat' dir='ltr'><strong>ot</strong></span> <span class='ocrx_word' id='word_1_215' title='bbox 717 2632 840 2696; x_wconf 86' lang='lat' dir='ltr'><strong>adloquio.</strong></span> <span class='ocrx_word' id='word_1_216' title='bbox 867 2656 898 2682; x_wconf 86' lang='lat'><strong>·.-</strong></span> 
     </span>
     <span class='ocr_line' id='line_1_32' title="bbox 195 2703 899 2768; baseline -0.004 -16"><span class='ocrx_word' id='word_1_217' title='bbox 195 2705 219 2752; x_wconf 86' lang='lat'><strong>8.</strong></span> <span class='ocrx_word' id='word_1_218' title='bbox 230 2703 267 2753; x_wconf 92' lang='lat' dir='ltr'><strong>De</strong></span> <span class='ocrx_word' id='word_1_219' title='bbox 286 2703 397 2754; x_wconf 87' lang='lat' dir='ltr'><strong>consiliis</strong></span> <span class='ocrx_word' id='word_1_220' title='bbox 416 2703 513 2754; x_wconf 88' lang='lat' dir='ltr'><strong>dandis.</strong></span> <span class='ocrx_word' id='word_1_221' title='bbox 534 2732 565 2740; x_wconf 96' lang='lat'><strong>—</strong></span> <span class='ocrx_word' id='word_1_222' title='bbox 587 2707 609 2753; x_wconf 85' lang='lat'><strong>9.</strong></span> <span class='ocrx_word' id='word_1_223' title='bbox 621 2704 657 2753; x_wconf 89' lang='lat' dir='ltr'><strong>De</strong></span> <span class='ocrx_word' id='word_1_224' title='bbox 675 2703 865 2768; x_wconf 84' lang='lat' dir='ltr'><strong>reprehensione</strong></span> <span class='ocrx_word' id='word_1_225' title='bbox 875 2705 899 2750; x_wconf 87' lang='lat' dir='ltr'><strong>et</strong></span> 
     </span>
     <span class='ocr_line' id='line_1_33' title="bbox 194 2771 898 2836; baseline -0.003 -14"><span class='ocrx_word' id='word_1_226' title='bbox 194 2771 370 2836; x_wconf 74' lang='lat' dir='ltr'><strong>obiurgatione.</strong></span> <span class='ocrx_word' id='word_1_227' title='bbox 396 2774 433 2823; x_wconf 87' lang='lat' dir='ltr'><strong>De</strong></span> <span class='ocrx_word' id='word_1_228' title='bbox 452 2772 616 2824; x_wconf 87' lang='lat' dir='ltr'><strong>altercatione.</strong></span> <span class='ocrx_word' id='word_1_229' title='bbox 648 2773 684 2822; x_wconf 91' lang='lat' dir='ltr'><strong>De</strong></span> <span class='ocrx_word' id='word_1_230' title='bbox 707 2771 847 2825; x_wconf 84' lang='lat' dir='ltr'><strong>maledicto.</strong></span> <span class='ocrx_word' id='word_1_231' title='bbox 867 2795 898 2806; x_wconf 85' lang='lat'>-</span> 
     </span>
     <span class='ocr_line' id='line_1_34' title="bbox 197 2841 901 2914; baseline -0.003 -24"><span class='ocrx_word' id='word_1_232' title='bbox 197 2845 236 2890; x_wconf 90' lang='lat'><strong>10.</strong></span> <span class='ocrx_word' id='word_1_233' title='bbox 248 2841 285 2892; x_wconf 86' lang='lat' dir='ltr'><strong>Da</strong></span> <span class='ocrx_word' id='word_1_234' title='bbox 303 2841 463 2914; x_wconf 76' lang='lat' dir='ltr'><strong>epistularum</strong></span> <span class='ocrx_word' id='word_1_235' title='bbox 475 2844 627 2892; x_wconf 87' lang='lat' dir='ltr'><strong>commercio.</strong></span> <span class='ocrx_word' id='word_1_236' title='bbox 647 2870 680 2879; x_wconf 98' lang='lat'>—</span> <span class='ocrx_word' id='word_1_237' title='bbox 700 2843 787 2892; x_wconf 84' lang='lat' dir='ltr'><strong>11.1)a</strong></span> <span class='ocrx_word' id='word_1_238' title='bbox 806 2853 901 2890; x_wconf 87' lang='lat' dir='ltr'><strong>rumore</strong></span> 
     </span>
    </p>
   </div>
   <div class='ocr_carea' id='block_1_10' title="bbox 0 0 1099 3400">
    <p class='ocr_par' dir='ltr' id='par_1_10' title="bbox 0 0 1099 3400">
     <span class='ocr_line' id='line_1_35' title="bbox 0 0 1099 3400; baseline 0 0"><span class='ocrx_word' id='word_1_239' title='bbox 0 0 1099 3400; x_wconf 95' lang='lat' dir='ltr'><strong> </strong></span> 
     </span>
    </p>
   </div>
  </div>
 </body>
</html>
