2212 3406
483 289 568 323 xxxin

125 379 277 427 stitutionem
293 378 347 427 fieri
364 381 452 442 potest,
470 393 527 428 vera
543 377 633 444 populo
652 385 721 443 perta
739 393 794 428 esse
807 377 920 428 rideatur

123 466 239 518 felicitas,
276 467 317 518 Ad
342 468 403 518 haee
420 483 464 532 per
482 483 579 527 eorum,
603 469 725 532 quilleno
743 474 832 518 terrem
849 467 921 517 iulie-
1013 528 1014 537 ἵ

125 556 216 616 bitant,
239 559 389 608 industriam
412 560 490 610 omnis
520 561 618 622 generis
642 565 707 609 artes
732 563 805 622 etque
824 558 922 622 opificis

122 646 231 705 ferrent,
256 647 333 698 nullis
351 651 456 699 coercito
474 649 666 713 impedimentis.
703 649 804 698 Litteris
822 648 922 698 tandem

121 741 167 802 qui
190 738 310 789 habeatur
333 739 409 789 honor
427 738 458 788 eb
477 739 563 788 eodem
584 741 710 805 principe,
738 755 811 802 quem
834 741 921 788 Musa·

122 843 178 879 rum
193 835 274 879 castra
288 843 332 878 non
348 831 441 878 minore
457 829 540 879 studio
559 835 584 880 et
602 845 720 880 successu
739 845 812 893 quam
831 831 921 880 Mortis

123 922 196 983 sequi
219 935 266 970 non
296 935 356 970 reue
382 919 552 983 praedicemus
577 919 745 978 affirmatione,
767 920 832 984 apud
852 923 921 970 exte·

121 1024 162 1060 ros
187 1024 283 1073 quoque
304 1009 481 1073 pervulgatum.
519 1009 559 1060 Sic
581 1010 645 1060 nihil
660 1009 731 1060 nobis
748 1010 839 1068 decret,
860 1012 921 1073 quin

120 1099 222 1164 publice
241 1098 388 1150 fortunatum
406 1100 551 1163 degeremus
565 1103 647 1150 ritem.

160 1189 209 1240 Sed
229 1192 344 1254 privatim
364 1205 461 1254 quoqne
481 1193 557 1240 vitam
584 1206 658 1255 agere
678 1191 749 1242 nobis
770 1191 841 1242 licuit
861 1190 919 1241 feli-

122 1297 184 1332 eem.
222 1280 281 1331 [lum
309 1296 381 1343 aegro
404 1295 505 1346 corpore
529 1281 560 1330 od
588 1297 632 1331 nos
653 1284 817 1340 accessisses,
842 1297 919 1346 quen-

122 1377 176 1421 tum
194 1371 259 1422 illud
280 1373 312 1420 sit
335 1370 431 1430 bonnm,
455 1373 477 1421 si
502 1373 558 1435 quie
578 1377 645 1422 reete
661 1371 748 1430 valeat,
764 1374 819 1437 ipse
838 1374 864 1422 in
887 1377 919 1429 te,
1007 1405 1008 1414 ,

123 1461 224 1520 Garole,
250 1467 367 1526 expertus
394 1464 502 1512 sensisti.
545 1461 614 1521 Quod
642 1465 720 1525 igitur
745 1465 767 1512 si
788 1478 835 1512 non
855 1465 919 1514 inte-

122 1566 204 1616 grum,
229 1557 254 1602 et
276 1552 464 1603 commodiorem
495 1560 576 1602 temen
599 1555 626 1602 in
655 1555 736 1618 patrie
754 1552 813 1603 urbe
832 1560 918 1604 nectus

86 1686 91 1694 .
122 1657 149 1691 es
173 1641 345 1700 valetudinem,
366 1645 418 1692 eive
435 1645 544 1694 muneris
569 1645 689 1694 vocationi
708 1643 735 1693 id
754 1643 844 1703 debes,
867 1645 920 1694 sire

123 1731 254 1782 salubriori
281 1732 329 1783 loci
359 1738 473 1793 naturae,
504 1735 571 1792 sive,
600 1733 666 1798 qnod
694 1733 768 1784 fenile
787 1734 919 1793 oredimus,

122 1824 234 1886 utrisque
267 1823 307 1872 his
339 1825 421 1874 causis
455 1824 502 1874 hoc
531 1823 705 1874 adiuvantibus
739 1829 763 1874 et
795 1823 920 1875 efficiendi

123 1915 196 1976 quasi
218 1915 306 1972 sociis,
332 1913 465 1978 plurimum
484 1914 515 1964 sd
536 1915 707 1964 iucundiorem
728 1917 791 1965 vitoe
812 1914 919 1966 fructum

123 2003 234 2052 contulit.
271 2004 323 2053 Nou
346 2006 464 2076 minorem
486 2007 537 2055 rim
559 2004 590 2054 od
615 2007 752 2056 convictum
768 2008 865 2069 utrique
875 2021 918 2055 ex-

123 2092 280 2144 hilarandum
301 2093 395 2153 habuit,
418 2094 483 2158 quod
503 2094 573 2145 nobis
595 2096 708 2158 coniugio
729 2093 860 2146 fortunatis
877 2111 920 2146 eae

124 2197 214 2234 uxores
243 2183 399 2248 obtigerunt,
427 2199 490 2248 quoe
513 2185 665 2236 concorditer
684 2187 748 2235 inter
767 2201 794 2236 se
815 2201 919 2251 congru-

124 2277 193 2323 entes
212 2273 239 2323 id
258 2277 330 2324 unice
359 2279 505 2340 spectarent,
531 2301 566 2314 —
591 2275 657 2340 quod
678 2275 752 2326 hodie
774 2292 871 2342 quoqne
886 2281 919 2328 iis

124 2365 277 2428 propositum
312 2381 368 2415 esse
399 2365 535 2429 gaudemus
565 2393 597 2404 -
626 2370 667 2425 ut,
699 2373 817 2430 quantum
842 2371 868 2419 in
893 2384 920 2418 se

30 2493 31 2496 ¹
125 2459 199 2512 esset,
219 2453 364 2504 felicitatem
377 2453 458 2522 {nobis
482 2461 641 2520 praestarent.
677 2457 742 2517 Ques
757 2474 847 2524 porrus
862 2460 919 2510 hor-

125 2545 164 2591 tus
185 2541 289 2591 aedibus
310 2540 449 2611 contiguus}
465 2541 596 2608 praebebat
616 2543 761 2608 voluptates,
779 2561 919 2597 communes

122 2627 420 2688 habebamus;sszerbores
449 2630 546 2691 iserenti
574 2629 650 2688 milri,
679 2631 750 2680 fiores
779 2631 868 2682 colenti
892 2639 920 2684 tu

124 2719 222 2778 praesto
240 2729 302 2765 eras,
340 2714 404 2775 Quid
427 2715 524 2767 multe?
550 2719 632 2766 omnia
651 2716 743 2782 gandia
763 2733 812 2767 nno
827 2720 919 2782 geode-

125 2799 210 2850 bemus
234 2805 257 2850 et
273 2803 310 2852 sie
328 2805 461 2854 consociati
487 2801 643 2862 vivebamus,
663 2808 690 2852 ut
714 2809 816 2868 paterne
832 2806 923 2861 domus

124 2901 169 2937 nos
186 2888 276 2937 iterum
296 2891 418 2954 recepisse
438 2889 569 2940 rideretur.
606 2889 721 2949 Quotidie
741 2891 812 2944 licuit
833 2895 864 2944 de
880 2896 921 2946 lit-

710 2992 724 3028 c
