2208 3402
557 271 589 320 68

181 385 265 439 duxit:
293 390 413 454 paulatim
436 391 502 441 enim
520 390 640 456 voluptati
668 397 725 443 sunt
745 407 808 456 qnae
826 393 981 444 necessitate

180 488 320 544 coeperunt.
655 482 710 533 Sua.
717 482 822 548 deprov.
831 486 904 540 4,15.

213 569 330 620 Naturam
351 570 464 635 expellas
483 570 561 631 furca,
582 576 665 622 tamen
681 585 761 636 usqne
779 575 894 622 recurret.

589 642 684 692 Horis.
695 641 776 706 Epist.
785 645 807 700 1,
816 645 855 699 10,
864 645 904 691 ii.

213 729 332 778 Naturam
350 735 447 781 mutare
464 729 568 781 difficile
586 737 631 782 est.
656 730 905 790 Sss.deira2‚20‚2.

375 819 418 870 Ad
436 834 516 871 mores
535 825 622 872 natura
635 823 740 872 recurrit

135 909 138 919 '
213 907 357 987 Damnatosp
374 910 424 960 fixa
440 915 465 962 et
484 913 575 962 mutari
592 913 684 962 nescia.
721 909 979 968 Ι1111111.8111.13,239.

112 1009 120 1071 j
213 996 347 1050 Causarum
365 1002 486 1065 ignoratio
506 1003 533 1052 in
552 1016 579 1052 re
596 1017 659 1054 nova
679 1003 835 1052 mirationem
853 999 921 1052 facit.

623 1070 675 1122 C1c.
682 1071 713 1121 de
721 1071 770 1121 div.
779 1073 802 1128 2,
813 1072 854 1128 22,
862 1073 902 1121 49.

213 1157 282 1218 Quod
300 1162 357 1224 quis
377 1161 461 1212 crebro
478 1161 546 1213 videt
565 1177 612 1212 non
629 1164 740 1220 miratur,
760 1163 859 1211 etiamsi
877 1175 921 1211 cur
933 1160 979 1212 liat

179 1251 265 1300 nescit.
628 1251 905 1311 Credediazizli.

214 1339 336 1400 Quamdiu
354 1342 428 1392 solita
447 1342 587 1400 decurrunt,
607 1343 805 1405 magnitudinem
823 1355 904 1391 rerum
915 1354 978 1390 con·

179 1430 283 1481 suetudo
305 1431 428 1482 subducit.
470 1432 510 1482 Ita
526 1435 591 1483 enim
610 1435 739 1498 compositi
759 1447 858 1490 sumna,
884 1435 912 1480 ut
929 1444 976 1480 nos

178 1521 313 1580 cotidiana,
339 1523 437 1572 etiamsi
461 1523 622 1574 admiratione
647 1523 723 1588 digna
747 1529 816 1580 sunt,
840 1525 980 1578 transeanta

177 1617 261 1662 contra
272 1613 428 1662 minimarum
438 1627 535 1677 quoque
545 1627 634 1670 rerum,
653 1615 675 1663 si
691 1613 805 1663 insolitae
820 1612 973 1676 prodierunt

179 1701 348 1767 spectaculum
366 1701 440 1752 dulce
458 1703 507 1753 fiat.
585 1705 639 1755 San.
647 1706 703 1754 Nat.
711 1703 808 1763 Quaest.
817 1707 840 1760 7,
850 1706 903 1760 1‚1.

212 1791 329 1842 Naturale
341 1797 378 1842 est
389 1795 469 1858 magis
479 1809 541 1845 nova
552 1809 627 1859 quam
644 1810 733 1858 magna
749 1794 842 1844 mirari.
865 1794 900 1841 ld.
906 1789 939 1840 ib.
948 1794 972 1840 4.

390 1919 424 1954 De
441 1919 583 1961 antiquitatis
601 1920 761 1956 dmiratione.

214 2001 309 2054 Crescit
320 2003 385 2068 apud
397 2017 437 2053 me
447 2007 555 2053 tractatu
579 2005 634 2068 ipso
660 2004 790 2054 admiratio
807 2002 973 2066 antiquitatis.

597 2072 900 2122 Paru.Not.Hist.27init.

489 2192 529 2238 17.
544 2193 585 2237 De
602 2203 659 2244 spe.

215 2280 304 2333 Omnia
315 2282 410 2333 homini
421 2283 480 2332 dum
488 2285 549 2334 vivit
560 2281 681 2347 speranda
700 2289 764 2332 sunt.
783 2281 891 2345 SasEp.
900 2283 940 2338 to,
949 2283 973 2330 6.

213 2373 321 2436 Magnae
338 2372 430 2423 indolis
448 2375 546 2436 signum
565 2379 603 2423 est
623 2386 722 2438 sperare
740 2385 843 2436 semper.

663 2464 735 2513 Fron.
744 2461 810 2512 Hist.
818 2465 842 2520 4,
850 2464 905 2521 8,4.

214 2555 328 2606 Nondum
344 2555 454 2606 omnium
471 2555 568 2606 dierum
585 2555 622 2605 sol
640 2553 738 2604 occidit.

555 2623 903 2688 Pum1nn.ap.Liv.39‚26,9.

571 2712 680 2764 Credula
698 2715 773 2764 vitam

216 2803 278 2870 Spes
297 2803 364 2856 fouet
382 2811 406 2856 et
420 2805 509 2856 melius
527 2819 581 2855 cras
599 2801 652 2854 fore
670 2818 767 2868 semper
784 2805 826 2853 ait.

612 2873 713 2924 haurn.
720 2873 791 2936 Eleg.
800 2875 823 2930 2,
832 2877 854 2930 7,
863 2875 902 2922 19.
