<?xml version="1.0" encoding="UTF-8"?>
<!DOCTYPE html PUBLIC "-//W3C//DTD XHTML 1.0 Transitional//EN"
    "http://www.w3.org/TR/xhtml1/DTD/xhtml1-transitional.dtd">
<html xmlns="http://www.w3.org/1999/xhtml" xml:lang="en" lang="en">
 <head>
  <title>
</title>
<meta http-equiv="Content-Type" content="text/html;charset=utf-8" />
  <meta name='ocr-system' content='tesseract 3.04.00' />
  <meta name='ocr-capabilities' content='ocr_page ocr_carea ocr_par ocr_line ocrx_word'/>
</head>
<body>
  <div class='ocr_page' id='page_1' title='image "./promptuariumsen00seyfgoog_0016.png"; bbox 0 0 2212 3406; ppageno 0'>
   <div class='ocr_carea' id='block_1_1' title="bbox 510 298 538 332">
    <p class='ocr_par' dir='ltr' id='par_1_1' title="bbox 510 298 538 332">
     <span class='ocr_line' id='line_1_1' title="bbox 510 298 538 332; baseline -0.036 0"><span class='ocrx_word' id='word_1_1' title='bbox 510 298 538 332; x_wconf 81' lang='lat'>11</span> 
     </span>
    </p>
   </div>
   <div class='ocr_carea' id='block_1_2' title="bbox 122 385 921 452">
    <p class='ocr_par' dir='ltr' id='par_1_2' title="bbox 122 385 921 452">
     <span class='ocr_line' id='line_1_2' title="bbox 122 385 921 452; baseline 0.001 -16"><span class='ocrx_word' id='word_1_2' title='bbox 122 385 285 450; x_wconf 89' lang='lat' dir='ltr'>impertiebat.</span> <span class='ocrx_word' id='word_1_3' title='bbox 341 386 570 437; x_wconf 89' lang='lat' dir='ltr'>Praestantissimos</span> <span class='ocrx_word' id='word_1_4' title='bbox 606 388 751 436; x_wconf 80' lang='lat' dir='ltr'>nostratium</span> <span class='ocrx_word' id='word_1_5' title='bbox 791 388 921 452; x_wconf 78' lang='lat' dir='ltr'>scriptores</span> 
     </span>
    </p>
   </div>
   <div class='ocr_carea' id='block_1_3' title="bbox 122 475 927 2618">
    <p class='ocr_par' dir='ltr' id='par_1_3' title="bbox 122 475 927 2618">
     <span class='ocr_line' id='line_1_3' title="bbox 124 475 923 541; baseline 0.001 -16"><span class='ocrx_word' id='word_1_6' title='bbox 124 475 235 526; x_wconf 81' lang='lat' dir='ltr'>studiose</span> <span class='ocrx_word' id='word_1_7' title='bbox 252 476 387 536; x_wconf 74' lang='lat' dir='ltr'>lectitabat,</span> <span class='ocrx_word' id='word_1_8' title='bbox 405 477 470 541; x_wconf 90' lang='lat' dir='ltr'>quod</span> <span class='ocrx_word' id='word_1_9' title='bbox 488 493 541 528; x_wconf 87' lang='lat' dir='ltr'>earn</span> <span class='ocrx_word' id='word_1_10' title='bbox 560 478 609 528; x_wconf 89' lang='lat' dir='ltr'>rim</span> <span class='ocrx_word' id='word_1_11' title='bbox 631 476 725 535; x_wconf 88' lang='lat' dir='ltr'>habuit,</span> <span class='ocrx_word' id='word_1_12' title='bbox 744 481 771 526; x_wconf 92' lang='lat' dir='ltr'>ut</span> <span class='ocrx_word' id='word_1_13' title='bbox 789 476 923 527; x_wconf 75' lang='grc'><strong>111111111-</strong></span> 
     </span>
     <span class='ocr_line' id='line_1_4' title="bbox 123 565 923 632; baseline 0 -16"><span class='ocrx_word' id='word_1_14' title='bbox 123 580 206 630; x_wconf 80' lang='lat' dir='ltr'>garem</span> <span class='ocrx_word' id='word_1_15' title='bbox 223 565 382 618; x_wconf 81' lang='lat' dir='ltr'>Germanicae</span> <span class='ocrx_word' id='word_1_16' title='bbox 399 568 499 631; x_wconf 77' lang='lat' dir='ltr'>linguae</span> <span class='ocrx_word' id='word_1_17' title='bbox 518 568 566 619; x_wconf 90' lang='lat' dir='ltr'>sibi</span> <span class='ocrx_word' id='word_1_18' title='bbox 584 567 727 618; x_wconf 76' lang='lat' dir='ltr'>facultatem</span> <span class='ocrx_word' id='word_1_19' title='bbox 744 573 848 632; x_wconf 81' lang='lat' dir='ltr'>pararet,</span> <span class='ocrx_word' id='word_1_20' title='bbox 872 567 923 616; x_wconf 88' lang='lat' dir='ltr'>Ita-</span> 
     </span>
     <span class='ocr_line' id='line_1_5' title="bbox 123 658 923 723; baseline 0 -17"><span class='ocrx_word' id='word_1_21' title='bbox 123 671 171 720; x_wconf 88' lang='lat' dir='ltr'>que</span> <span class='ocrx_word' id='word_1_22' title='bbox 190 659 243 708; x_wconf 90' lang='lat' dir='ltr'>eius</span> <span class='ocrx_word' id='word_1_23' title='bbox 265 661 357 723; x_wconf 88' lang='lat' dir='ltr'>scripta</span> <span class='ocrx_word' id='word_1_24' title='bbox 375 675 421 708; x_wconf 92' lang='lat' dir='ltr'>non</span> <span class='ocrx_word' id='word_1_25' title='bbox 440 661 546 708; x_wconf 87' lang='lat' dir='ltr'>ieiunam</span> <span class='ocrx_word' id='word_1_26' title='bbox 563 659 631 708; x_wconf 84' lang='lat' dir='ltr'>illam</span> <span class='ocrx_word' id='word_1_27' title='bbox 656 664 680 708; x_wconf 88' lang='lat' dir='ltr'>et</span> <span class='ocrx_word' id='word_1_28' title='bbox 700 659 790 708; x_wconf 84' lang='lat' dir='ltr'>exilem</span> <span class='ocrx_word' id='word_1_29' title='bbox 809 658 923 708; x_wconf 82' lang='lat' dir='ltr'>estende-</span> 
     </span>
     <span class='ocr_line' id='line_1_6' title="bbox 123 746 923 813; baseline 0.001 -17"><span class='ocrx_word' id='word_1_30' title='bbox 123 746 182 796; x_wconf 88' lang='lat' dir='ltr'>bant</span> <span class='ocrx_word' id='word_1_31' title='bbox 200 750 340 807; x_wconf 84' lang='lat' dir='ltr'>orationem,</span> <span class='ocrx_word' id='word_1_32' title='bbox 359 765 433 813; x_wconf 89' lang='lat' dir='ltr'>quam</span> <span class='ocrx_word' id='word_1_33' title='bbox 456 749 685 799; x_wconf 86' lang='lat' dir='ltr'>iurisconsultorum</span> <span class='ocrx_word' id='word_1_34' title='bbox 707 749 752 798; x_wconf 87' lang='lat' dir='ltr'>illa</span> <span class='ocrx_word' id='word_1_35' title='bbox 770 753 849 798; x_wconf 86' lang='lat' dir='ltr'>aetate</span> <span class='ocrx_word' id='word_1_36' title='bbox 870 748 923 798; x_wconf 91' lang='lat' dir='ltr'>vul-</span> 
     </span>
     <span class='ocr_line' id='line_1_7' title="bbox 124 838 922 903; baseline 0 -17"><span class='ocrx_word' id='word_1_37' title='bbox 124 852 170 900; x_wconf 80' lang='lat' dir='ltr'>gus</span> <span class='ocrx_word' id='word_1_38' title='bbox 196 838 327 902; x_wconf 79' lang='lat' dir='ltr'>prodebat,</span> <span class='ocrx_word' id='word_1_39' title='bbox 351 839 396 890; x_wconf 86' lang='lat' dir='ltr'>sed</span> <span class='ocrx_word' id='word_1_40' title='bbox 420 841 544 903; x_wconf 78' lang='lat' dir='ltr'>elegantia</span> <span class='ocrx_word' id='word_1_41' title='bbox 569 845 594 890; x_wconf 89' lang='lat' dir='ltr'>et</span> <span class='ocrx_word' id='word_1_42' title='bbox 618 839 741 889; x_wconf 87' lang='lat' dir='ltr'>munditia</span> <span class='ocrx_word' id='word_1_43' title='bbox 758 840 922 903; x_wconf 84' lang='lat' dir='ltr'>conspicuam.</span> 
     </span>
     <span class='ocr_line' id='line_1_8' title="bbox 123 926 924 997; baseline 0.001 -21"><span class='ocrx_word' id='word_1_44' title='bbox 123 926 207 977; x_wconf 85' lang='lat' dir='ltr'>Etiam</span> <span class='ocrx_word' id='word_1_45' title='bbox 232 928 356 980; x_wconf 87' lang='lat' dir='ltr'>Gallorum</span> <span class='ocrx_word' id='word_1_46' title='bbox 383 931 473 980; x_wconf 89' lang='lat' dir='ltr'>litteris</span> <span class='ocrx_word' id='word_1_47' title='bbox 495 945 593 997; x_wconf 83' lang='lat' dir='ltr'>operam</span> <span class='ocrx_word' id='word_1_48' title='bbox 616 930 690 980; x_wconf 89' lang='lat' dir='ltr'>dabat</span> <span class='ocrx_word' id='word_1_49' title='bbox 723 935 746 979; x_wconf 92' lang='lat' dir='ltr'>et</span> <span class='ocrx_word' id='word_1_50' title='bbox 777 931 924 994; x_wconf 87' lang='lat' dir='ltr'>optimorum</span> 
     </span>
     <span class='ocr_line' id='line_1_9' title="bbox 125 1018 924 1087; baseline 0.003 -21"><span class='ocrx_word' id='word_1_51' title='bbox 125 1019 168 1081; x_wconf 89' lang='lat' dir='ltr'>qui</span> <span class='ocrx_word' id='word_1_52' title='bbox 185 1019 280 1070; x_wconf 78' lang='lat' dir='ltr'>Gallice</span> <span class='ocrx_word' id='word_1_53' title='bbox 297 1023 430 1087; x_wconf 87' lang='lat' dir='ltr'>conscripti</span> <span class='ocrx_word' id='word_1_54' title='bbox 448 1026 504 1071; x_wconf 90' lang='lat' dir='ltr'>sunt</span> <span class='ocrx_word' id='word_1_55' title='bbox 522 1020 638 1070; x_wconf 90' lang='lat' dir='ltr'>librorum</span> <span class='ocrx_word' id='word_1_56' title='bbox 664 1021 769 1070; x_wconf 89' lang='lat' dir='ltr'>lectione</span> <span class='ocrx_word' id='word_1_57' title='bbox 791 1019 863 1070; x_wconf 88' lang='lat' dir='ltr'>valde</span> <span class='ocrx_word' id='word_1_58' title='bbox 880 1018 924 1068; x_wconf 84' lang='lat' dir='ltr'>de-</span> 
     </span>
     <span class='ocr_line' id='line_1_10' title="bbox 122 1105 925 1162; baseline 0 -5"><span class='ocrx_word' id='word_1_59' title='bbox 122 1105 266 1159; x_wconf 88' lang='lat' dir='ltr'>lectabatur.</span> <span class='ocrx_word' id='word_1_60' title='bbox 324 1111 373 1162; x_wconf 90' lang='lat' dir='ltr'>Sed</span> <span class='ocrx_word' id='word_1_61' title='bbox 403 1113 545 1162; x_wconf 90' lang='lat' dir='ltr'>Latinarum</span> <span class='ocrx_word' id='word_1_62' title='bbox 575 1112 711 1160; x_wconf 88' lang='lat' dir='ltr'>litterarum</span> <span class='ocrx_word' id='word_1_63' title='bbox 741 1111 925 1160; x_wconf 88' lang='lat' dir='ltr'>amantissimus</span> 
     </span>
     <span class='ocr_line' id='line_1_11' title="bbox 126 1199 924 1266; baseline 0 -18"><span class='ocrx_word' id='word_1_64' title='bbox 126 1204 177 1249; x_wconf 85' lang='lat' dir='ltr'>eret</span> <span class='ocrx_word' id='word_1_65' title='bbox 196 1215 329 1266; x_wconf 90' lang='lat' dir='ltr'>earumque</span> <span class='ocrx_word' id='word_1_66' title='bbox 348 1202 484 1252; x_wconf 88' lang='lat' dir='ltr'>habebatur</span> <span class='ocrx_word' id='word_1_67' title='bbox 502 1202 702 1264; x_wconf 79' lang='lat' dir='ltr'>elegantissimus</span> <span class='ocrx_word' id='word_1_68' title='bbox 729 1200 826 1251; x_wconf 88' lang='lat' dir='ltr'>arbiter.</span> <span class='ocrx_word' id='word_1_69' title='bbox 862 1199 924 1249; x_wconf 90' lang='lat' dir='ltr'>Nul-</span> 
     </span>
     <span class='ocr_line' id='line_1_12' title="bbox 125 1289 924 1355; baseline 0.001 -16"><span class='ocrx_word' id='word_1_70' title='bbox 125 1289 177 1339; x_wconf 89' lang='lat' dir='ltr'>lum</span> <span class='ocrx_word' id='word_1_71' title='bbox 195 1290 270 1341; x_wconf 87' lang='lat' dir='ltr'>facile</span> <span class='ocrx_word' id='word_1_72' title='bbox 291 1294 426 1343; x_wconf 87' lang='lat' dir='ltr'>meministi</span> <span class='ocrx_word' id='word_1_73' title='bbox 449 1292 600 1343; x_wconf 84' lang='lat' dir='ltr'>intercedere</span> <span class='ocrx_word' id='word_1_74' title='bbox 618 1292 692 1350; x_wconf 87' lang='lat' dir='ltr'>diem,</span> <span class='ocrx_word' id='word_1_75' title='bbox 716 1293 776 1355; x_wconf 92' lang='lat' dir='ltr'>quin</span> <span class='ocrx_word' id='word_1_76' title='bbox 796 1290 833 1341; x_wconf 87' lang='lat' dir='ltr'>vel</span> <span class='ocrx_word' id='word_1_77' title='bbox 850 1305 924 1354; x_wconf 80' lang='lat' dir='ltr'>nego-</span> 
     </span>
     <span class='ocr_line' id='line_1_13' title="bbox 126 1369 925 1433; baseline -0.001 -4"><span class='ocrx_word' id='word_1_78' title='bbox 126 1369 215 1430; x_wconf 86' lang='lat' dir='ltr'>tiorum</span> <span class='ocrx_word' id='word_1_79' title='bbox 233 1384 350 1432; x_wconf 87' lang='lat' dir='ltr'>varietate</span> <span class='ocrx_word' id='word_1_80' title='bbox 370 1383 492 1432; x_wconf 90' lang='lat' dir='ltr'>distentus</span> <span class='ocrx_word' id='word_1_81' title='bbox 512 1383 550 1433; x_wconf 84' lang='lat' dir='ltr'>vel</span> <span class='ocrx_word' id='word_1_82' title='bbox 568 1384 593 1431; x_wconf 91' lang='lat' dir='ltr'>in</span> <span class='ocrx_word' id='word_1_83' title='bbox 610 1381 797 1432; x_wconf 88' lang='lat' dir='ltr'>domesticarum</span> <span class='ocrx_word' id='word_1_84' title='bbox 812 1395 925 1430; x_wconf 87' lang='lat' dir='ltr'>curarum</span> 
     </span>
     <span class='ocr_line' id='line_1_14' title="bbox 127 1471 925 1536; baseline -0.001 -16"><span class='ocrx_word' id='word_1_85' title='bbox 127 1473 275 1535; x_wconf 82' lang='lat' dir='ltr'>cogitatione</span> <span class='ocrx_word' id='word_1_86' title='bbox 295 1473 391 1522; x_wconf 85' lang='lat' dir='ltr'>defixus</span> <span class='ocrx_word' id='word_1_87' title='bbox 411 1489 485 1523; x_wconf 91' lang='lat' dir='ltr'>unum</span> <span class='ocrx_word' id='word_1_88' title='bbox 507 1489 538 1522; x_wconf 88' lang='lat' dir='ltr'>ex</span> <span class='ocrx_word' id='word_1_89' title='bbox 557 1474 589 1522; x_wconf 92' lang='lat' dir='ltr'>iis</span> <span class='ocrx_word' id='word_1_90' title='bbox 607 1471 775 1536; x_wconf 83' lang='lat' dir='ltr'>scriptoribus,</span> <span class='ocrx_word' id='word_1_91' title='bbox 800 1487 861 1535; x_wconf 89' lang='lat' dir='ltr'>quos</span> <span class='ocrx_word' id='word_1_92' title='bbox 881 1485 925 1519; x_wconf 87' lang='lat' dir='ltr'>au-</span> 
     </span>
     <span class='ocr_line' id='line_1_15' title="bbox 126 1561 925 1626; baseline 0 -16"><span class='ocrx_word' id='word_1_93' title='bbox 126 1575 169 1611; x_wconf 90' lang='lat' dir='ltr'>rea</span> <span class='ocrx_word' id='word_1_94' title='bbox 186 1567 255 1612; x_wconf 89' lang='lat' dir='ltr'>aetas</span> <span class='ocrx_word' id='word_1_95' title='bbox 275 1563 339 1621; x_wconf 83' lang='lat' dir='ltr'>tulit,</span> <span class='ocrx_word' id='word_1_96' title='bbox 357 1565 383 1612; x_wconf 92' lang='lat' dir='ltr'>in</span> <span class='ocrx_word' id='word_1_97' title='bbox 401 1579 487 1613; x_wconf 85' lang='lat' dir='ltr'>manus</span> <span class='ocrx_word' id='word_1_98' title='bbox 506 1568 612 1613; x_wconf 88' lang='lat' dir='ltr'>sumeret</span> <span class='ocrx_word' id='word_1_99' title='bbox 630 1565 732 1626; x_wconf 89' lang='lat' dir='ltr'>eiusque</span> <span class='ocrx_word' id='word_1_100' title='bbox 757 1562 862 1611; x_wconf 87' lang='lat' dir='ltr'>lectione</span> <span class='ocrx_word' id='word_1_101' title='bbox 881 1561 925 1610; x_wconf 91' lang='lat' dir='ltr'>de-</span> 
     </span>
     <span class='ocr_line' id='line_1_16' title="bbox 126 1651 925 1716; baseline -0.001 -15"><span class='ocrx_word' id='word_1_102' title='bbox 126 1651 264 1703; x_wconf 90' lang='lat' dir='ltr'>lectaretur.</span> <span class='ocrx_word' id='word_1_103' title='bbox 319 1653 357 1704; x_wconf 87' lang='lat' dir='ltr'>Ac</span> <span class='ocrx_word' id='word_1_104' title='bbox 377 1658 441 1704; x_wconf 88' lang='lat' dir='ltr'>totus</span> <span class='ocrx_word' id='word_1_105' title='bbox 459 1655 485 1702; x_wconf 93' lang='lat' dir='ltr'>in</span> <span class='ocrx_word' id='word_1_106' title='bbox 504 1655 535 1704; x_wconf 92' lang='lat' dir='ltr'>iis</span> <span class='ocrx_word' id='word_1_107' title='bbox 559 1652 686 1702; x_wconf 87' lang='lat' dir='ltr'>habitabat</span> <span class='ocrx_word' id='word_1_108' title='bbox 704 1667 837 1716; x_wconf 87' lang='lat' dir='ltr'>eorumque</span> <span class='ocrx_word' id='word_1_109' title='bbox 854 1665 925 1715; x_wconf 90' lang='lat' dir='ltr'>prae-</span> 
     </span>
     <span class='ocr_line' id='line_1_17' title="bbox 127 1741 926 1808; baseline -0.003 -16"><span class='ocrx_word' id='word_1_110' title='bbox 127 1743 206 1807; x_wconf 87' lang='lat' dir='ltr'>ceptis</span> <span class='ocrx_word' id='word_1_111' title='bbox 225 1744 251 1792; x_wconf 89' lang='grc'>11</span> <span class='ocrx_word' id='word_1_112' title='bbox 271 1745 358 1806; x_wconf 86' lang='lat' dir='ltr'>queris</span> <span class='ocrx_word' id='word_1_113' title='bbox 375 1745 440 1794; x_wconf 87' lang='lat' dir='ltr'>vitae</span> <span class='ocrx_word' id='word_1_114' title='bbox 459 1751 524 1793; x_wconf 87' lang='lat' dir='ltr'>statu</span> <span class='ocrx_word' id='word_1_115' title='bbox 545 1759 572 1792; x_wconf 92' lang='lat' dir='ltr'>se</span> <span class='ocrx_word' id='word_1_116' title='bbox 591 1745 643 1806; x_wconf 82' lang='lat' dir='ltr'>regi</span> <span class='ocrx_word' id='word_1_117' title='bbox 661 1757 749 1808; x_wconf 86' lang='lat' dir='ltr'>passus</span> <span class='ocrx_word' id='word_1_118' title='bbox 768 1747 812 1792; x_wconf 88' lang='lat' dir='ltr'>est.</span> <span class='ocrx_word' id='word_1_119' title='bbox 864 1741 926 1790; x_wconf 91' lang='lat' dir='ltr'>Pro·</span> 
     </span>
     <span class='ocr_line' id='line_1_18' title="bbox 126 1831 926 1897; baseline -0.004 -14"><span class='ocrx_word' id='word_1_120' title='bbox 126 1832 195 1885; x_wconf 86' lang='lat' dir='ltr'>bavit</span> <span class='ocrx_word' id='word_1_121' title='bbox 214 1833 261 1884; x_wconf 92' lang='lat' dir='ltr'>boc</span> <span class='ocrx_word' id='word_1_122' title='bbox 277 1833 317 1884; x_wconf 85' lang='lat' dir='ltr'>vel</span> <span class='ocrx_word' id='word_1_123' title='bbox 337 1835 454 1884; x_wconf 83' lang='lat' dir='ltr'>extremis</span> <span class='ocrx_word' id='word_1_124' title='bbox 472 1833 560 1884; x_wconf 91' lang='lat' dir='ltr'>diebus</span> <span class='ocrx_word' id='word_1_125' title='bbox 578 1836 650 1892; x_wconf 85' lang='lat' dir='ltr'>ritae,</span> <span class='ocrx_word' id='word_1_126' title='bbox 668 1848 718 1897; x_wconf 89' lang='lat' dir='ltr'>qua</span> <span class='ocrx_word' id='word_1_127' title='bbox 736 1831 868 1883; x_wconf 85' lang='lat' dir='ltr'>defunctus</span> <span class='ocrx_word' id='word_1_128' title='bbox 889 1837 926 1880; x_wconf 90' lang='lat' dir='ltr'>est</span> 
     </span>
     <span class='ocr_line' id='line_1_19' title="bbox 128 1921 926 1978; baseline -0.003 -6"><span class='ocrx_word' id='word_1_129' title='bbox 128 1923 169 1972; x_wconf 90' lang='lat' dir='ltr'>die</span> <span class='ocrx_word' id='word_1_130' title='bbox 190 1925 221 1972; x_wconf 74' lang='lat'>27</span> <span class='ocrx_word' id='word_1_131' title='bbox 241 1922 368 1974; x_wconf 86' lang='lat' dir='ltr'>Novembr.</span> <span class='ocrx_word' id='word_1_132' title='bbox 388 1921 600 1974; x_wconf 81' lang='lat' dir='ltr'><strong>MDCOOXXIII.</strong></span> <span class='ocrx_word' id='word_1_133' title='bbox 655 1924 717 1973; x_wconf 87' lang='lat' dir='ltr'>Nam</span> <span class='ocrx_word' id='word_1_134' title='bbox 736 1921 841 1972; x_wconf 84' lang='lat' dir='ltr'>eumad</span> <span class='ocrx_word' id='word_1_135' title='bbox 862 1936 926 1978; x_wconf 89' lang='lat' dir='ltr'>eum,</span> 
     </span>
     <span class='ocr_line' id='line_1_20' title="bbox 129 2011 926 2078; baseline -0.004 -15"><span class='ocrx_word' id='word_1_136' title='bbox 129 2015 173 2078; x_wconf 91' lang='lat' dir='ltr'>qui</span> <span class='ocrx_word' id='word_1_137' title='bbox 190 2015 281 2063; x_wconf 90' lang='lat' dir='ltr'>mentis</span> <span class='ocrx_word' id='word_1_138' title='bbox 299 2013 392 2064; x_wconf 77' lang='lat' dir='ltr'>viribus</span> <span class='ocrx_word' id='word_1_139' title='bbox 412 2018 522 2063; x_wconf 88' lang='lat' dir='ltr'>uteretur</span> <span class='ocrx_word' id='word_1_140' title='bbox 543 2015 655 2076; x_wconf 78' lang='lat' dir='ltr'>integris,</span> <span class='ocrx_word' id='word_1_141' title='bbox 679 2013 724 2062; x_wconf 88' lang='lat' dir='ltr'>sed</span> <span class='ocrx_word' id='word_1_142' title='bbox 750 2013 776 2061; x_wconf 88' lang='lat' dir='ltr'>in</span> <span class='ocrx_word' id='word_1_143' title='bbox 792 2011 926 2061; x_wconf 90' lang='lat' dir='ltr'>incredibi-</span> 
     </span>
     <span class='ocr_line' id='line_1_21' title="bbox 128 2102 926 2168; baseline -0.003 -14"><span class='ocrx_word' id='word_1_144' title='bbox 128 2103 178 2154; x_wconf 88' lang='lat' dir='ltr'>lem</span> <span class='ocrx_word' id='word_1_145' title='bbox 196 2105 304 2168; x_wconf 89' lang='lat' dir='ltr'>cerporis</span> <span class='ocrx_word' id='word_1_146' title='bbox 324 2103 519 2153; x_wconf 86' lang='lat' dir='ltr'>imbecillitatem</span> <span class='ocrx_word' id='word_1_147' title='bbox 542 2103 679 2161; x_wconf 87' lang='lat' dir='ltr'>recidisset,</span> <span class='ocrx_word' id='word_1_148' title='bbox 709 2102 812 2166; x_wconf 87' lang='lat' dir='ltr'>aliquid,</span> <span class='ocrx_word' id='word_1_149' title='bbox 831 2103 853 2152; x_wconf 88' lang='lat' dir='ltr'>si</span> <span class='ocrx_word' id='word_1_150' title='bbox 869 2117 926 2166; x_wconf 91' lang='lat' dir='ltr'>pos-</span> 
     </span>
     <span class='ocr_line' id='line_1_22' title="bbox 128 2193 927 2255; baseline -0.004 -11"><span class='ocrx_word' id='word_1_151' title='bbox 128 2209 188 2253; x_wconf 88' lang='lat' dir='ltr'>sem,</span> <span class='ocrx_word' id='word_1_152' title='bbox 207 2194 290 2244; x_wconf 88' lang='lat' dir='ltr'>solatii</span> <span class='ocrx_word' id='word_1_153' title='bbox 308 2193 427 2243; x_wconf 86' lang='lat' dir='ltr'>allaturus</span> <span class='ocrx_word' id='word_1_154' title='bbox 445 2195 575 2250; x_wconf 85' lang='lat' dir='ltr'>venissem,</span> <span class='ocrx_word' id='word_1_155' title='bbox 595 2208 627 2242; x_wconf 82' lang='lat' dir='ltr'>ex</span> <span class='ocrx_word' id='word_1_156' title='bbox 645 2193 726 2242; x_wconf 90' lang='lat' dir='ltr'>Persii</span> <span class='ocrx_word' id='word_1_157' title='bbox 745 2193 836 2250; x_wconf 90' lang='lat' dir='ltr'>satiris,</span> <span class='ocrx_word' id='word_1_158' title='bbox 853 2206 927 2255; x_wconf 89' lang='lat' dir='ltr'>quem</span> 
     </span>
     <span class='ocr_line' id='line_1_23' title="bbox 128 2281 927 2350; baseline -0.003 -16"><span class='ocrx_word' id='word_1_159' title='bbox 128 2288 227 2350; x_wconf 87' lang='lat' dir='ltr'>poetam</span> <span class='ocrx_word' id='word_1_160' title='bbox 243 2297 297 2334; x_wconf 87' lang='lat' dir='ltr'>raro</span> <span class='ocrx_word' id='word_1_161' title='bbox 316 2282 459 2333; x_wconf 85' lang='lat' dir='ltr'>emanibus</span> <span class='ocrx_word' id='word_1_162' title='bbox 475 2281 623 2340; x_wconf 87' lang='lat' dir='ltr'>dimittebat,</span> <span class='ocrx_word' id='word_1_163' title='bbox 642 2281 699 2332; x_wconf 92' lang='lat' dir='ltr'>illos</span> <span class='ocrx_word' id='word_1_164' title='bbox 715 2297 800 2333; x_wconf 84' lang='lat' dir='ltr'>versus</span> <span class='ocrx_word' id='word_1_165' title='bbox 822 2281 871 2332; x_wconf 92' lang='lat' dir='ltr'>sibi</span> <span class='ocrx_word' id='word_1_166' title='bbox 888 2297 927 2332; x_wconf 91' lang='lat' dir='ltr'>re-</span> 
     </span>
     <span class='ocr_line' id='line_1_24' title="bbox 129 2372 926 2439; baseline -0.003 -15"><span class='ocrx_word' id='word_1_167' title='bbox 129 2375 201 2424; x_wconf 88' lang='lat' dir='ltr'>citari</span> <span class='ocrx_word' id='word_1_168' title='bbox 218 2372 371 2439; x_wconf 83' lang='lat' dir='ltr'>postulabat,</span> <span class='ocrx_word' id='word_1_169' title='bbox 397 2375 423 2422; x_wconf 89' lang='lat' dir='ltr'>in</span> <span class='ocrx_word' id='word_1_170' title='bbox 447 2372 538 2438; x_wconf 88' lang='lat' dir='ltr'>quibus</span> <span class='ocrx_word' id='word_1_171' title='bbox 560 2373 650 2423; x_wconf 87' lang='lat' dir='ltr'>iustam</span> <span class='ocrx_word' id='word_1_172' title='bbox 670 2372 701 2422; x_wconf 90' lang='lat' dir='ltr'>de</span> <span class='ocrx_word' id='word_1_173' title='bbox 723 2372 926 2424; x_wconf 87' lang='lat' dir='ltr'>vitaehumanae</span> 
     </span>
     <span class='ocr_line' id='line_1_25' title="bbox 128 2461 925 2528; baseline -0.005 -13"><span class='ocrx_word' id='word_1_174' title='bbox 128 2463 265 2528; x_wconf 73' lang='lat' dir='ltr'>fragilitate</span> <span class='ocrx_word' id='word_1_175' title='bbox 288 2468 362 2528; x_wconf 89' lang='lat' dir='ltr'>atque</span> <span class='ocrx_word' id='word_1_176' title='bbox 391 2462 532 2513; x_wconf 85' lang='lat' dir='ltr'>infirmitate</span> <span class='ocrx_word' id='word_1_177' title='bbox 559 2461 663 2512; x_wconf 82' lang='lat' dir='ltr'>effundit</span> <span class='ocrx_word' id='word_1_178' title='bbox 693 2471 766 2526; x_wconf 88' lang='lat' dir='ltr'>poeta</span> <span class='ocrx_word' id='word_1_179' title='bbox 794 2462 925 2526; x_wconf 86' lang='lat' dir='ltr'>querelam.</span> 
     </span>
     <span class='ocr_line' id='line_1_26' title="bbox 130 2551 927 2618; baseline -0.005 -13"><span class='ocrx_word' id='word_1_180' title='bbox 130 2555 211 2606; x_wconf 84' lang='lat' dir='ltr'>Tenes</span> <span class='ocrx_word' id='word_1_181' title='bbox 234 2554 321 2614; x_wconf 85' lang='lat' dir='ltr'>rerba,</span> <span class='ocrx_word' id='word_1_182' title='bbox 345 2555 452 2618; x_wconf 86' lang='lat' dir='ltr'>quaein</span> <span class='ocrx_word' id='word_1_183' title='bbox 470 2559 551 2603; x_wconf 88' lang='lat' dir='ltr'>mente</span> <span class='ocrx_word' id='word_1_184' title='bbox 574 2551 693 2610; x_wconf 87' lang='lat' dir='ltr'>habebat,</span> <span class='ocrx_word' id='word_1_185' title='bbox 708 2552 763 2602; x_wconf 88' lang='lat' dir='ltr'>sed</span> <span class='ocrx_word' id='word_1_186' title='bbox 789 2551 927 2602; x_wconf 85' lang='lat' dir='ltr'>adscribam</span> 
     </span>
    </p>
   </div>
   <div class='ocr_carea' id='block_1_4' title="bbox 129 2651 223 2696">
    <p class='ocr_par' dir='ltr' id='par_1_4' title="bbox 129 2651 223 2696">
     <span class='ocr_line' id='line_1_27' title="bbox 129 2651 223 2696; baseline -0.021 0"><span class='ocrx_word' id='word_1_187' title='bbox 129 2651 223 2696; x_wconf 83' lang='lat' dir='ltr'>tamen:</span> 
     </span>
    </p>
   </div>
   <div class='ocr_carea' id='block_1_5' title="bbox 156 2735 835 2784">
    <p class='ocr_par' dir='ltr' id='par_1_5' title="bbox 156 2735 835 2784">
     <span class='ocr_line' id='line_1_28' title="bbox 156 2735 835 2784; baseline -0.007 -8"><span class='ocrx_word' id='word_1_188' title='bbox 156 2739 222 2776; x_wconf 83' lang='lat' dir='ltr'>Petite</span> <span class='ocrx_word' id='word_1_189' title='bbox 239 2739 286 2776; x_wconf 87' lang='lat' dir='ltr'>binc</span> <span class='ocrx_word' id='word_1_190' title='bbox 302 2736 337 2784; x_wconf 80' lang='lat' dir='ltr'>[ex</span> <span class='ocrx_word' id='word_1_191' title='bbox 352 2737 454 2776; x_wconf 77' lang='lat' dir='ltr'>cleanthis</span> <span class='ocrx_word' id='word_1_192' title='bbox 471 2735 578 2783; x_wconf 73' lang='lat' dir='ltr'>capientia]</span> <span class='ocrx_word' id='word_1_193' title='bbox 595 2737 719 2781; x_wconf 76' lang='lat' dir='ltr'>iuvenesque</span> <span class='ocrx_word' id='word_1_194' title='bbox 735 2742 835 2778; x_wconf 79' lang='lat' dir='ltr'>senesque</span> 
     </span>
    </p>
   </div>
   <div class='ocr_carea' id='block_1_6' title="bbox 157 2808 700 2922">
    <p class='ocr_par' dir='ltr' id='par_1_6' title="bbox 157 2808 700 2922">
     <span class='ocr_line' id='line_1_29' title="bbox 157 2808 700 2854; baseline -0.011 -5"><span class='ocrx_word' id='word_1_195' title='bbox 157 2811 227 2850; x_wconf 83' lang='lat' dir='ltr'>Finem</span> <span class='ocrx_word' id='word_1_196' title='bbox 242 2811 308 2848; x_wconf 84' lang='lat' dir='ltr'>anime</span> <span class='ocrx_word' id='word_1_197' title='bbox 326 2809 403 2848; x_wconf 77' lang='lat' dir='ltr'>certum</span> <span class='ocrx_word' id='word_1_198' title='bbox 415 2809 534 2854; x_wconf 77' lang='lat' dir='ltr'>miseriaque</span> <span class='ocrx_word' id='word_1_199' title='bbox 549 2808 623 2846; x_wconf 80' lang='lat' dir='ltr'>viatica</span> <span class='ocrx_word' id='word_1_200' title='bbox 639 2808 700 2846; x_wconf 77' lang='lat' dir='ltr'>canis.</span> 
     </span>
     <span class='ocr_line' id='line_1_30' title="bbox 438 2879 698 2922; baseline -0.019 -2"><span class='ocrx_word' id='word_1_201' title='bbox 438 2880 486 2920; x_wconf 85' lang='lat' dir='ltr'>Gnm</span> <span class='ocrx_word' id='word_1_202' title='bbox 506 2881 542 2918; x_wconf 83' lang='lat' dir='ltr'>lux</span> <span class='ocrx_word' id='word_1_203' title='bbox 557 2879 620 2917; x_wconf 87' lang='lat' dir='ltr'>altera</span> <span class='ocrx_word' id='word_1_204' title='bbox 636 2879 698 2922; x_wconf 85' lang='lat' dir='ltr'>venit,</span> 
     </span>
    </p>
   </div>
   <div class='ocr_carea' id='block_1_7' title="bbox 0 0 1117 3406">
    <p class='ocr_par' dir='ltr' id='par_1_7' title="bbox 0 0 1117 3406">
     <span class='ocr_line' id='line_1_31' title="bbox 0 0 1117 3406; baseline 0 0"><span class='ocrx_word' id='word_1_205' title='bbox 0 0 1117 3406; x_wconf 95' lang='lat' dir='ltr'> </span> 
     </span>
    </p>
   </div>
  </div>
 </body>
</html>
