2174 3400
479 301 527 350 155

141 417 219 469 Furor
248 427 272 470 et
297 419 467 470 misericordia
487 435 556 471 acres
581 425 604 470 et
629 420 785 472 uehementes
808 422 901 485 pn'mos

104 509 213 573 impetus
231 509 331 570 habent,
357 509 490 576 paullatim
521 511 624 561 consilio
656 517 681 560 et
709 513 803 562 ratione
829 513 901 577 quasi

104 601 223 649 restincta
239 601 377 651 considunt.
567 601 749 666 Pnru.Epist.2‚
759 605 798 661 11,
806 605 829 652 7.

142 687 244 750 Qualem
262 693 417 742 commendes
436 694 511 742 etiam
523 697 597 756 atque
607 694 681 742 etiam
692 694 783 758 aspice,
802 709 833 744 ne
843 707 901 744 mox

140 779 265 831 incutiant
280 781 362 833 aliena
377 781 424 832 tibi
440 787 544 846 peccata
564 785 684 833 timorem.

552 874 615 923 Hon.
622 873 702 939 Epist.
712 877 734 932 l,
743 876 782 932 18,
789 877 829 924 to.

397 992 422 1034 5.
436 990 476 1034 De
492 993 608 1036 invidia.

142 1082 282 1134 Invidentia
298 1087 335 1133 est
353 1083 480 1147 aegritudo
498 1091 614 1148 suscepta
633 1091 732 1150 propter
748 1084 852 1136 alterius
862 1099 902 1135 res

108 1173 239 1231 secundas,
259 1188 322 1237 quae
333 1173 397 1222 nihil
409 1179 496 1224 nocent
507 1174 635 1225 invidenti.
655 1174 707 1225 Gru.
715 1175 789 1226 Tusc.
797 1179 821 1234 4,
829 1177 853 1235 8,
861 1179 900 1226 17.

143 1263 270 1315 inridetur
288 1266 424 1330 praestanti
442 1265 587 1328 florentique
606 1265 725 1317 fortunae.

542 1357 832 1415 Id.dcorat.2‚52‚210.

142 1445 188 1495 Est
205 1445 267 1496 haec
287 1446 381 1497 saeculi
400 1445 469 1496 labes
486 1446 607 1510 quaedam
619 1451 643 1497 et
656 1447 755 1497 macula
766 1449 852 1500 virtuti
863 1451 902 1498 in·

107 1535 199 1595 ridere,
217 1536 282 1587 vello
299 1537 381 1600 ipsum
399 1537 483 1586 florem
500 1535 628 1600 dignitatis
646 1537 788 1601 infringere.

572 1626 624 1678 Oro.
632 1641 675 1692 pro
681 1627 750 1679 Balb.
759 1632 782 1687 6,
792 1632 830 1680 15.

48 1755 51 1762 .
142 1717 217 1768 Nulla
236 1722 286 1766 tam
309 1717 421 1766 modesta
446 1716 554 1768 felicitas
572 1725 622 1776 est,
649 1733 712 1782 quae
739 1705 902 1784 malignitatis

108 1806 195 1858 dentes
212 1808 304 1859 evitare
322 1809 408 1871 possit.
514 1807 830 1867 Vinrn.Mnx.4,7ext.2.

142 1895 258 1946 Adsidua
273 1899 403 1948 eminentis
421 1896 535 1948 fortunae
553 1913 635 1949 comcs
651 1900 753 1950 invidia.

545 1989 621 2039 Vnus.
630 1989 736 2038 Pnuruu.
747 1993 769 2048 1,
777 1993 800 2047 9,
809 1994 831 2040 o.

143 2078 283 2142 Numquam
301 2079 434 2128 eminentia
452 2077 546 2129 inuidia
564 2085 650 2128 carent.
680 2081 719 2128 Id.
728 2081 800 2138 140,
808 2085 831 2130 5.

143 2167 240 2219 luridia
257 2167 352 2233 gloriae
370 2183 451 2219 comes
469 2175 514 2226 est,
533 2173 559 2218 et
577 2168 682 2219 libenter
703 2169 734 2220 de
755 2171 796 2220 his
820 2170 903 2222 detra·

108 2257 177 2317 hunt,
189 2273 250 2323 quos
259 2259 366 2310 eminere
378 2257 461 2310 rident
473 2258 556 2309 altius.
571 2257 838 2312 Gouroulisnflhabr.
847 2265 870 2320 a,
878 2265 901 2312 8.

143 2349 240 2400 lutacta
256 2349 350 2400 invidia
367 2349 449 2400 media
474 2353 544 2407 sunt,
563 2349 595 2400 ad
620 2363 716 2402 summa
745 2351 831 2403 tendit.

636 2440 690 2492 er.
701 2441 767 2494 Hist.
776 2447 818 2503 45,
826 2445 867 2494 35.

143 2528 213 2581 Sicut
232 2529 347 2580 orbomm
366 2529 499 2581 altissimas
518 2531 689 2584 uehementius
700 2535 770 2598 quati
782 2535 903 2594 ridemus,

108 2621 144 2671 ita
161 2621 264 2671 virtutes
283 2622 404 2671 maximas
422 2621 516 2672 invidia
534 2623 690 2673 criminosius
707 2625 816 2674 incessit.

558 2711 684 2778 Faourop.
693 2713 867 2766 1196111161.

143 2799 256 2851 Invident
279 2800 391 2853 homines
414 2804 522 2854 maximio
545 2803 646 2869 paribus
670 2809 713 2854 ant
735 2802 903 2865 infelioribun

109 2903 164 2940 oum
182 2905 210 2941 so
227 2889 326 2942 relictos
344 2894 460 2952 sentiunt,
479 2893 536 2945 illos
564 2901 645 2946 antem
671 2894 755 2944 dolent
777 2894 902 2957 evolasse;
