2212 3406
567 269 599 317 10

215 384 286 436 Nihil
307 384 421 450 prohibet
448 391 555 438 cometas
573 392 684 439 aeternos
703 401 757 438 esse
778 392 802 438 et
821 389 893 438 sortis
912 389 980 438 eius·
1022 429 1025 434 .

180 475 251 535 dem,
278 479 349 528 euius
373 481 455 528 cetera
478 476 591 544 [sidere],
617 480 692 529 etiam
715 479 737 528 si
754 475 845 528 faeiem
861 477 914 528 iilis
931 493 980 529 non

179 567 272 619 hebent
290 567 404 619 similem.
717 567 796 618 Jaib.
806 569 907 626 Lim.

215 657 277 709 Sunt
300 660 343 723 qui
368 662 393 709 et
409 658 471 710 haee
492 657 573 709 sidera
591 663 710 723 perpetue
728 673 782 709 esse
802 657 902 709 credant
921 672 978 708 suo·

180 763 229 813 que
249 747 343 799 ambitu
367 751 417 808 ire,
437 749 545 800 sednon
563 749 611 799 nisi
628 749 743 800 relictae
762 749 813 800 sole
832 749 906 800 cerni.

438 839 507 890 Pure.
514 840 569 890 Nat.
576 839 642 889 Hist.
656 841 679 896 2,
688 841 728 898 25,
736 841 777 896 23,
786 843 825 889 94.

552 975 603 1020 IV.

491 1079 542 1122 DE
561 1077 664 1123 som.

214 1169 263 1221 Hie
290 1169 345 1237 [sol]
370 1170 451 1222 lueem
473 1169 546 1221 rebus
569 1171 693 1220 ministrat
710 1167 839 1234 aufertque
857 1169 978 1228 tenebras,

178 1261 220 1312 hie
241 1261 338 1326 reliqua
355 1260 438 1312 sidera
454 1249 574 1318 assultat,
593 1259 721 1318 inlustrat,
741 1259 783 1311 hie
797 1262 865 1312 vices
883 1267 977 1328 tempo-

177 1366 232 1402 rum
250 1366 389 1416 annumque
408 1365 505 1417 semper
517 1356 685 1402 renascentem
696 1366 728 1402 ex
740 1365 789 1401 usu
800 1355 902 1403 naturae
913 1356 977 1403 tem·

177 1448 254 1510 peret.
552 1441 757 1492 Pmr.Nat.ffist.
771 1444 794 1499 2,
802 1445 825 1500 6,
833 1444 857 1500 4,
866 1445 905 1492 13.

213 1532 278 1584 Solis
296 1532 388 1583 eander
404 1532 531 1583 inlustrior
548 1538 586 1582 est
603 1546 676 1596 quam
694 1531 772 1582 ullius
790 1533 863 1596 ignis,
884 1535 977 1598 quippe

143 1689 148 1697 ἱ
180 1624 225 1696 qui
247 1625 274 1674 in
295 1628 346 1674 tam
369 1625 479 1674 inmenso
504 1621 595 1673 mundo
613 1627 664 1672 tam
685 1622 758 1687 longe
775 1621 873 1686 lateque
891 1622 977 1673 eonlu·

181 1718 248 1773 eset,
274 1718 299 1764 et
322 1715 345 1765 is
366 1714 420 1764 eius
445 1717 526 1763 taetus
550 1717 601 1770 est,
624 1727 673 1762 nou
690 1717 718 1762 ut
736 1709 870 1777 tepefaciat
889 1711 977 1772 solum,

180 1801 225 1856 sed
243 1805 318 1855 etiam
336 1819 410 1869 saepe
424 1802 556 1854 comburet.
585 1802 637 1853 Orc.
645 1802 676 1852 de
688 1808 737 1852 nat.
744 1801 811 1852 deor.
820 1805 842 1860 2,
852 1805 939 1860 1530.

211 1893 295 1961 [Solis]
315 1895 381 1958 ignis
399 1893 483 1944 vitalis
502 1897 526 1944 et
545 1892 660 1942 salutaris
670 1893 752 1942 omnia
765 1898 899 1951 conservet,
920 1893 972 1952 alit,

178 1989 261 2050 auget,
280 1985 387 2036 sustinet
404 1998 528 2048 sensuque
545 1982 642 2033 edfieit.

313 2072 458 2126 Gnrnrrnrs
469 2073 535 2139 apud
544 2072 637 2124 Gie.de
649 2077 699 2122 net.
706 2072 773 2123 deor.
781 2075 805 2131 2,
815 2076 855 2130 15,
863 2076 904 2122 41.

557 2241 593 2286 V.

483 2325 534 2370 DE
552 2325 667 2371 EUM.

211 2417 283 2468 Luna
300 2433 354 2469 eam
374 2418 463 2476 lucem,
482 2432 556 2482 quem
574 2434 589 2470 a
606 2418 658 2470 sole
676 2421 778 2484 aceepit,
797 2419 874 2470 mittit
886 2421 913 2470 in
925 2423 975 2470 ter-

174 2523 216 2560 ras
233 2513 259 2560 et
275 2510 356 2560 varius
373 2510 429 2574 ipsa
447 2510 596 2559 mutationes
614 2509 678 2560 lueis
695 2508 777 2560 hebet.

517 2597 568 2651 010.
581 2599 612 2650 de
623 2599 747 2651 nat.deor.
762 2602 785 2658 2,
793 2603 834 2658 40,
844 2603 900 2652 103.

210 2688 325 2742 Habitari
346 2692 381 2742 ait
401 2689 568 2754 Xenophanes
592 2690 620 2739 in
644 2689 704 2740 luna
727 2704 830 2756 eamque
848 2705 903 2742 esse
922 2697 972 2743 ter·

173 2792 227 2831 ram
243 2780 377 2832 multarum
394 2779 493 2832 urbium
510 2784 536 2831 et
551 2781 679 2830 montium

509 2872 550 2920 Id.
568 2868 648 2920 Aead.
655 2868 753 2930 Queat
761 2873 784 2930 2,
792 2873 899 2930 89.12³.
