2208 3402
558 283 591 330 40

216 402 302 465 Neque
324 401 488 452 secundarum
507 416 592 452 rernm
617 405 737 466 proventu
760 417 909 466 quemquam
933 403 974 453 in·

182 491 292 542 solenter
304 491 375 542 abuti
384 507 465 556 neque
478 492 589 544 adversis
600 505 707 556 propere
727 491 856 542 debilitari
868 497 974 557 oportet.

639 560 731 612 Vinnn.
739 563 810 614 Mne
818 565 903 620 8,1,3.

218 649 306 716 Cogita
316 667 364 702 non
373 665 427 702 esse
437 666 552 716 magnum
565 651 641 702 rebus
649 653 775 716 prosperis
785 651 874 702 fortem
885 667 912 704 se
929 667 974 718 ge-

182 755 246 801 rere,
266 741 311 792 ubi
328 742 436 792 seeundo
454 757 529 792 eursu
548 743 600 792 vita
616 742 737 806 procedit.

547 812 602 862 Srn.
610 811 641 861 de
652 826 717 862 eons.
725 811 756 862 ad
763 813 841 862 Mare.
850 816 873 870 5,
881 816 904 863 5.

216 903 305 966 Magni
327 903 435 967 pectoris
453 906 491 952 est
509 903 574 952 inter
593 902 702 952 secunde
720 903 862 953 moderatio.

574 969 628 1022 Srn.
637 970 735 1022 Suasor.
748 988 772 1036 p.
780 973 905 1036 4ed.Bip.

217 1060 248 1112 In
263 1060 339 1112 rebus
356 1063 482 1126 prosperis
500 1066 525 1112 et
542 1061 574 1111 ad
590 1060 742 1113 voluntatem
764 1067 871 1112 nostram
897 1062 975 1112 fluen-

183 1151 252 1203 tibus
262 1151 407 1216 superbiam
418 1167 506 1218 magno
517 1167 599 1217 opere,
619 1151 748 1202 fastidium
764 1153 976 1217 arrogantiamque

155 1279 165 1308 s
184 1240 318 1308 fugiamus.
637 1240 689 1294 Oro.
698 1242 729 1292 de
738 1241 776 1293 off.
787 1247 808 1302 1,
817 1245 857 1302 26,
866 1246 907 1294 90.

216 1333 286 1383 Bene
294 1331 361 1384 ferre
371 1348 484 1397 magnam
496 1333 564 1382 disee
575 1330 706 1383 fortunam.
727 1333 791 1384 Hor,
799 1332 846 1384 Od.
854 1338 877 1392 3,
886 1337 925 1393 27,
934 1337 974 1384 74.

217 1422 350 1474 Fortunam
368 1427 509 1474 reverenter
526 1421 598 1480 habe,
623 1424 772 1488 quicumque
785 1429 887 1488 repente

250 1513 325 1565 Dives
344 1513 375 1564 ab
394 1512 455 1564 exili
471 1512 633 1578 progrediere
650 1512 712 1564 loeo.
730 1513 821 1564 Aeson.
830 1513 876 1578 Ep.
884 1516 907 1574 8,
917 1517 939 1562 7.

331 1633 358 1677 8.
372 1633 412 1677 De
425 1633 507 1676 rebus
519 1632 654 1677 adversis.
681 1632 722 1677 De
735 1633 827 1678 maiis.

362 1723 426 1764 Ques
439 1724 499 1758 melu
511 1723 671 1760 more-tumme
684 1724 789 1760 serenus.

216 1808 255 1859 Ee
272 1807 446 1859 molestissime
463 1806 529 1857 ferre
550 1791 666 1857 homines'
679 1806 777 1864 debent,
790 1821 853 1871 quae
864 1809 977 1872 ipsorum

182 1897 259 1963 eulpa
277 1903 403 1950 eontracta
420 1903 483 1948 sunt.
540 1895 593 1948 (bc.
601 1896 632 1946 ad
644 1896 724 1956 Quint.
732 1897 811 1948 ibatr.
821 1901 842 1956 1,
852 1901 874 1956 1,
884 1901 905 1948 1.

305 2019 449 2061 mamni
461 2023 501 2067 qni
514 2031 544 2058 ex
555 2023 625 2058 neoto
637 2023 707 2058 mirer
719 2022 795 2057 tutin
807 2024 851 2057 ut.

217 2107 288 2159 Nihil
306 2113 344 2158 est
361 2113 411 2158 tem
428 2105 570 2158 miserabile
587 2119 660 2170 quam
676 2119 708 2154 ex
724 2104 796 2155 bento
812 2107 895 2156 miser.

693 2173 745 2224 Ore.
752 2175 841 2225 Partit.
849 2173 890 2225 Or.
900 2177 939 2224 16.

352 2302 433 2339 lineri
445 2303 498 2336 runt
510 2301 665 2344 superstitiosi
678 2301 702 2336 et
715 2300 814 2342 queruli.

219 2385 274 2437 Hoc
300 2385 412 2436 condicio
437 2385 546 2436 humana
566 2384 606 2434 rel
632 2385 768 2449 pessimum
792 2381 882 2442 habet,
911 2381 977 2448 qnod

183 2473 284 2528 fortuna
301 2490 362 2540 qnos
381 2477 484 2526 miseros
503 2474 564 2526 feeit
582 2479 607 2525 et
624 2475 807 2539 superstitiosos
825 2471 893 2524 feeit.

527 2554 582 2616 Sns'.
589 2564 651 2614 Ere.
659 2563 739 2616 Gontr.
747 2579 771 2628 p.
780 2567 830 2613 465
840 2563 879 2613 ed.
886 2563 941 2628 Bip.

219 2655 352 2708 Calamitas
370 2655 474 2722 querula
492 2662 535 2706 est.
771 2651 908 2712 Oonr.5‚5.
964 2691 966 2696 .

372 2761 458 2797 mium
470 2762 559 2796 nuunrn
571 2759 621 2795 sine
634 2757 711 2800 mione
723 2757 792 2793 bono.

218 2830 315 2882 Melum
333 2831 429 2882 nulium
447 2837 484 2882 est
505 2815 557 2881 sine
575 2828 658 2894 aliquo
684 2826 753 2877 bono.

556 2899 626 2950 Pin.
634 2899 689 2948 Nat.
697 2897 761 2946 Hist.
772 2900 813 2956 27,
822 2900 845 2954 8,
854 2899 877 2955 2,
885 2898 908 2946 8.
