2174 3400
148 410 292 474 Principum
311 423 400 459 munus
420 414 458 459 est
475 409 592 460 resistere
617 417 642 458 et
673 407 769 458 levitati
795 407 910 458 multitu-

112 499 181 550 dinis
201 494 232 550 et‘
243 499 396 564 perditorum
414 499 554 550 temeritati.
597 497 699 562 (lmpro
706 497 794 548 Milon.
802 500 826 556 8,
834 500 874 548 22.

149 589 190 640 Ad
209 603 293 641 curam
311 591 432 654 principis
459 589 647 652 magistratuum
674 589 765 638 creatio
796 589 910 652 pertinet.

114 696 164 731 uon
182 680 213 730 ad
234 679 320 744 populi
338 677 454 730 favorem.
483 677 780 728 Monusnntnrandeet.
789 680 830 737 48,
840 682 910 738 14,1.

150 771 205 822 Non
224 771 355 834 quicquam
375 769 505 834 pulchrius
528 770 643 820 existimo
669 783 744 832 quem
767 769 794 818 iu
818 782 912 820 summo

114 859 216 924 fastigio
237 859 375 910 conlocatos
393 859 526 910 multarum
550 873 632 908 rerum
654 860 750 910 reniam
769 859 835 918 dore,
857 859 913 910 nul·

114 951 166 1001 lius
187 954 277 1015 petere.
485 949 539 999 Sur.
547 949 651 999 decons.
659 949 778 1000 adMarc.
787 952 810 1008 4,
819 953 842 1000 4.

270 1069 297 1134 8.
310 1069 351 1112 Do
363 1068 520 1113 honoribus
533 1070 561 1112 et
573 1069 764 1120 dignitatibus.

154 1157 245 1223 Populi
263 1159 327 1222 grati
346 1163 384 1208 est
404 1160 520 1223 praemiis
538 1158 643 1210 adficere
666 1158 729 1209 benc
752 1160 854 1209 meritos
883 1157 915 1208 de

119 1247 247 1312 republica
263 1249 336 1300 circs.
580 1248 845 1313 Orc.proMil.30‚82‚

155 1338 192 1388 Eo
203 1338 346 1403 inpenditur
363 1337 432 1388 labor
446 1354 475 1388 ec
486 1339 631 1403 periculum,
645 1340 711 1388 uude
725 1339 917 1390 emolumentum

121 1434 195 1492 atque
212 1428 290 1506 lronos
313 1433 432 1493 speratur.
474 1429 543 1480 Nihil
562 1445 610 1480 nou
635 1430 814 1494 aggrediuntur
836 1429 916 1480 homi-

121 1535 173 1577 ues,
193 1521 214 1569 si
235 1521 330 1583 magnis
351 1521 444 1570 conatis
461 1535 552 1584 magna
569 1523 869 1640 praemiaLproporgrgupur.

700 1605 732 1642 rr.
757 1628 764 1648 ,
808 1629 815 1650 ,
840 1628 846 1640 .

156 1677 308 1742 Confragosa
324 1682 349 1730 in
369 1679 498 1744 fastigium
516 1680 646 1744 diguitatis
666 1683 705 1732 ria
722 1686 767 1732 est.

605 1749 659 1800 San.
670 1751 749 1815 Epist.
757 1752 797 1810 84,
807 1754 847 1800 13.

158 1839 183 1890 Is
201 1840 264 1888 mihi
282 1839 380 1890 ridetur
396 1838 573 1902 amplissimus,
595 1842 638 1903 qui
658 1855 703 1890 sua
719 1842 809 1892 virtuto
834 1843 860 1892 iu
882 1841 919 1892 al-

123 1931 211 1979 tiorem
229 1929 311 1978 locum
330 1929 449 1993 pervenit,
468 1943 515 1978 uon
533 1930 576 1992 qui
593 1930 704 1980 ascendit
721 1931 747 1980 in
766 1931 868 1982 alterius
880 1933 919 1982 iu-

125 2019 278 2070 commodum
297 2022 321 2069 et
339 2018 511 2069 calamitatem.
547 2017 891 2084 Orc.proRosc.Am.30,83.

160 2109 268 2159 Facilius
278 2111 368 2158 crescit
378 2108 485 2173 dignitas
495 2123 568 2173 quam
577 2111 672 2174 incipit.
681 2111 735 2161 Sur.
742 2111 823 2176 Epist.
832 2115 889 2172 101,
898 2116 920 2164 1.

161 2197 302 2265 [Honorem]
319 2199 376 2264 plus
394 2204 431 2249 est
450 2213 561 2251 servasse
580 2205 705 2265 repertum

161 2288 237 2349 Quem
256 2291 390 2353 quaesisse.
452 2288 851 2343 Garunna.2.inlaud.Stil.826.

160 2381 253 2440 Quanto
272 2379 347 2430 altius
361 2381 466 2445 quisque
483 2380 563 2432 elatus
576 2387 620 2441 est,
634 2382 922 2504 ῐαηῐοέοεέἱὲεθιόοηπὶῐ.

721 2469 754 2504 rr.
797 2491 803 2512 ‚
847 2492 852 2503 .

162 2540 273 2590 Honores
300 2539 423 2604 quondam
446 2538 548 2590 fuorunt
572 2543 621 2592 rari
645 2547 670 2592 et
693 2547 780 2593 tenues
802 2542 833 2593 ob
857 2557 923 2594 eam-

31 2634 33 2638 '
128 2645 176 2695 quo
195 2644 295 2681 causam
312 2629 421 2694 gloriosi,
439 2645 505 2680 nunc
523 2635 606 2682 autem
623 2631 696 2683 effusi
719 2638 794 2697 atque
812 2631 923 2684 obsoleti.

545 2699 648 2778 Corum.
655 2703 715 2752 Nur.
723 2702 790 2752 Mili.
799 2706 822 2761 6,
830 2704 853 2752 2.

164 2788 275 2840 Mobiles
293 2790 488 2842 adulescentium
507 2792 583 2841 animi
606 2793 768 2866 praematuris
792 2792 925 2845 honoribus

131 2880 162 2931 ad
180 2878 320 2946 superbiam
341 2895 390 2930 non
410 2883 468 2930 suut
485 2880 628 2931 extollendi.
654 2879 924 2944 maurusiorum
