2208 3402
525 287 557 334 ⁷1

146 411 194 467 tur,
211 409 306 460 scelere
325 412 515 475 circumspicite,
533 412 651 477 pleraque
676 427 709 462 ex
733 411 870 476 cupiditate
897 423 941 460 ue·

147 504 262 550 suuntur:
280 500 343 551 haee
361 501 469 552 latrones
489 501 559 561 fucit,
576 503 639 553 haec
655 505 756 567 pirates.

415 591 500 652 Quum.
507 593 616 643 Decium.
625 595 673 643 321
682 609 705 658 p.
713 595 762 641 241
771 591 810 642 ed.
817 592 872 658 Bip.

352 715 426 751 Nemo
438 724 484 752 ucu
496 717 615 760 vcrupeete
627 717 735 752 uehitur.

182 801 271 852 Trahit
290 816 335 852 sue
353 816 475 867 quemque
492 803 612 867 voluptas.
660 803 905 862 Vnrcrn.Ecl.2,65.

274 927 377 964 nitimur
388 929 413 962 in
425 930 535 967 vetitum
552 929 624 971 inuti
640 929 705 964 nuit·
717 928 810 971 cupido.

180 1017 325 1082 Diliguntur
350 1016 473 1067 inmodice
497 1016 550 1066 sole
573 1029 636 1079 quae
664 1029 713 1064 nou
735 1013 818 1064 fiuent.
855 1050 861 1062 .
883 1051 889 1062 .
910 1050 941 1063 ..

145 1110 201 1160 Non
218 1111 297 1160 nutrit
315 1108 427 1159 ardorem
446 1105 644 1171 concupiscendi,
664 1104 707 1155 ubi
725 1103 778 1154 frui
795 1104 861 1154 licet.

599 1194 708 1254 anrrn.
716 1195 824 1245 Declum.
834 1197 874 1253 14,
881 1195 905 1244 8.

179 1291 289 1341 Nitimur
306 1291 332 1339 iu
346 1289 450 1340 vetitum
470 1301 567 1352 semper
584 1288 747 1351 cupimusque
764 1289 861 1350 uegeta.

631 1375 905 1435 Ovin.Amcr.3‚4,17.

179 1471 261 1536 Ιςυοὶἰ
278 1471 348 1521 nulla
364 1469 461 1535 cupido.
624 1466 695 1518 Ourn.
702 1467 733 1517 A.
741 1465 773 1518 A.
781 1470 871 1526 3,397.

333 1596 413 1632 ommi·
425 1603 488 1630 meru
501 1594 649 1635 cupientibus
661 1593 759 1636 ineunte.

179 1683 270 1735 Animo
289 1683 400 1748 cupienti
420 1681 484 1731 nihil
502 1681 562 1730 setis
580 1679 720 1730 festinetur.
758 1678 938 1744 Sunulupit.

180 1775 264 1825 Etiam
282 1775 396 1826 celeritas
414 1775 440 1823 in
458 1771 582 1822 desiderio
600 1784 668 1820 more
686 1775 731 1821 est.

456 1841 532 1891 Puuu.
540 1839 595 1890 Sru.
605 1843 653 1890 139
660 1857 684 1906 p.
693 1842 743 1889 270
750 1840 789 1890 ed.
796 1838 869 1890 Ribb.

180 1934 266 2000 Longe
284 1947 352 1984 mure
371 1939 409 1983 est
427 1931 498 1982 nobis
516 1932 603 1989 omnis,
622 1945 685 1994 quae
703 1930 795 1995 gaudie
812 1929 903 1980 differt

650 2019 721 2072 Ovm.
728 2021 787 2071 Her.
797 2024 837 2080 19,
845 2025 868 2072 3.

178 2113 248 2165 Nihil
268 2119 306 2165 est
335 2112 465 2164 difficilius
487 2128 561 2177 quam
590 2111 688 2163 differre
717 2111 848 2176 gaudium,
873 2109 940 2177 quud

143 2206 209 2256 scies
225 2210 250 2256 te
268 2220 316 2254 non
333 2205 431 2254 mereri.
631 2202 869 2262 Quirr.Decl.2,15.

419 2329 550 2372 vereve-u.
562 2330 664 2366 ausen.

179 2416 250 2468 Nihil
267 2430 345 2480 seque
362 2419 459 2480 gratum
478 2421 516 2466 est
533 2414 631 2480 adeptis
647 2429 722 2480 quem
744 2415 940 2481 concupiscenti·

145 2529 199 2580 bus,
638 2527 821 2592 Pnicnpistn,
831 2531 869 2576 15.

180 2618 296 2670 Omnium
312 2632 395 2670 rerum
412 2618 503 2684 cupido
528 2618 676 2682 languescit,
694 2632 751 2668 cum
768 2616 851 2668 facilis
869 2629 939 2667 cccc·

145 2711 183 2762 siu
200 2715 245 2761 est.
601 2708 839 2773 Pu1r.Epist.8,20,
848 2709 869 2756 1.

179 2799 309 2852 Continuis
325 2797 493 2865 voluptatibus
511 2801 593 2851 vicina
611 2800 719 2849 miletus.

415 2889 499 2950 anrr.
506 2889 615 2940 Declem.
624 2891 704 2953 806p.
714 2889 763 2940 188
771 2888 809 2940 ed.
816 2889 870 2955 Bip.
