2212 3406
510 265 541 312 87

165 383 194 435 ln
211 389 279 435 tante
295 385 459 435 ineenstentis
478 382 597 448 turbaque
615 397 697 434 rerum
717 381 781 433 nihil
796 383 845 432 nisi
857 380 923 446 quod

130 477 259 542 praeteriit
275 481 369 527 eertum
382 482 427 525 est.
446 471 817 532 Snn.de‘eonsel.adnnaro.22‚
827 477 848 522 1.

254 596 279 643 7.
291 596 333 640 De
345 597 481 641 felicitate.
508 595 549 639 De
561 594 644 638 rebus
657 596 796 642 secundis.

163 689 226 740 Eius
244 691 295 740 vita
313 696 350 740 est
365 689 515 747 beatissime,
535 693 606 740 cuins
624 695 648 740 et
665 689 776 741 fortunae
801 691 922 755 sepientis

128 783 155 830 et
173 781 308 845 sapientiae
325 778 423 830 fortune
441 781 591 846 suppeditat.

308 869 850 936 An1snen.ap.Rntil.Lup.p.24ed.Ruhnk.

375 1019 448 1055 Romo
465 1019 595 1055 nomnium
607 1019 673 1058 teliz.

162 1103 239 1154 Nemo
256 1103 396 1154 monalium
414 1109 452 1155 est
470 1103 540 1156 felix.
578 1103 683 1155 Abunde
704 1106 786 1168 agitur
797 1109 871 1168 atque
882 1105 920 1153 in-

127 1193 261 1258 dulgenter
279 1210 294 1244 e
311 1192 410 1244 fortune
425 1195 549 1246 deciditur
570 1210 626 1246 eum
646 1211 688 1253 ee,
715 1195 759 1259 qni
786 1197 840 1246 inre
871 1193 923 1246 diei

130 1299 180 1335 non
197 1283 287 1335 infelix
304 1291 392 1350 potest.
451 1285 520 1336 Pnnn.
528 1287 582 1336 Nat.
590 1286 655 1337 Hist.
664 1290 686 1344 7,
694 1289 736 1344 40,
744 1289 850 1344 41,130.

478 1377 571 1427 Ultinne
589 1391 686 1444 semper

163 1465 327 1531 Expectandn
344 1467 398 1519 dies
416 1467 516 1525 homini,
535 1468 634 1532 dieique
650 1467 738 1519 beatus

73 1580 88 1603 e
163 1557 230 1610 Ante
247 1559 339 1610 ebitum
354 1573 424 1610 nemo
442 1573 605 1624 supremaque
623 1558 712 1610 funere
728 1558 809 1610 debet.

613 1650 847 1708 Onnnnetsnsn.

419 1777 511 1812 Imm
523 1777 633 1813 felicita.

164 1859 185 1912 0
204 1861 316 1914 Fortuna.
345 1876 419 1925 qnam
436 1861 592 1912 vehementer
610 1867 634 1912 te
652 1876 731 1912 rernm
751 1863 854 1912 varietas
865 1861 922 1912 'ob-

128 1950 205 2002 lectat
222 1955 247 2002 et
263 1966 336 2016 quam
355 1967 442 2015 magne
459 1951 514 2002 edio
532 1953 632 2003 esttibi
649 1951 734 2003 beatae
754 1954 817 2004 vitae
834 1966 923 2018 perpe-

130 2045 188 2092 tuus
207 2046 231 2093 et
248 2047 362 2092 constans
386 2041 502 2093 fruetus!
544 2043 767 2108 Rnn1n.Lun.p.75
779 2042 921 2093 ansuini.

166 2130 251 2183 Omnis
271 2131 395 2184 instabilis
414 2136 439 2183 et
455 2134 550 2184 ineerta
566 2133 676 2185 felicitas
695 2139 740 2184 est.

490 2223 544 2275 Snn.
552 2223 665 2276 Gontrnv.
672 2239 696 2290 p.
706 2227 739 2274 70
752 2224 790 2276 ed.
798 2225 852 2288 Bip.

274 2359 387 2397 mxime
400 2360 508 2396 nomm
520 2360 613 2395 minime
626 2359 773 2395 erodendum.

165 2441 291 2494 Maximae
308 2445 398 2508 cuique
416 2442 529 2495 fortunae
547 2445 647 2495 minime
665 2443 815 2495 eredendum
834 2451 878 2494 est.

702 2535 756 2585 Liv.
764 2539 804 2593 30,
812 2538 853 2586 30.

165 2623 243 2674 Tanto
260 2623 358 2676 brevius
377 2640 454 2684 enine,
468 2631 558 2690 quante
574 2623 674 2677 ieiieius
689 2629 794 2690 tempus.

565 2717 633 2766 Pnnn
641 2716 722 2781 Epist.
730 2719 753 2774 8,
763 2719 802 2775 14,
812 2719 851 2766 10.

164 2803 227 2857 Gum
239 2809 327 2864 omnis
348 2821 412 2872 qnee
423 2813 582 2858 exeessernnt
602 2806 716 2864 metium,
727 2811 837 2865 noceant,
857 2808 922 2872 peri·

131 2894 287 2947 enlesissima
295 2895 423 2948 felicitatis
432 2899 669 2963 intemperantisest.
680 2896 734 2947 Snn.
742 2897 841 2962 deprov.
851 2901 873 2956 4,
883 2900 922 2948 10.
