2208 3402
567 301 617 349 loo

194 425 277 487 velim,
294 427 402 492 primum
418 426 477 491 quie
494 423 604 476 deforme
623 429 696 488 atque
715 422 805 474 servile
823 425 873 479 est,
897 421 996 472 deinde

196 516 269 583 quod,
291 518 312 568 si
331 517 372 568 cui
388 521 438 566 tem
455 531 524 566 mens
540 519 577 566 est
594 513 746 572 inliberalis,
774 517 802 563 ut
819 511 997 577 obiurgatione

145 635 147 640 ,
195 619 243 654 uon
262 605 411 668 corrigatur,
427 604 449 653 is
469 604 544 654 etium
563 601 594 652 ed
610 601 712 666 plagas,
741 605 769 650 ut
786 601 894 665 pessime
913 613 996 663 quee-

196 708 244 758 que
261 695 392 760 mancipis,
410 693 547 744 durabitur.
629 689 807 752 Qumsrulnst.
817 693 839 748 1,
847 693 918 748 3,14.

447 843 472 887 2.
486 842 527 886 De
539 841 728 886 institutione.

373 933 513 977 comum·
529 932 670 968 effidem
683 931 809 966 hudebsse.

230 1017 267 1068 Ne
285 1016 379 1083 pudess
397 1031 460 1081 quse
476 1017 595 1066 nescieris
613 1022 638 1066 te
655 1014 720 1067 velle
735 1014 832 1065 doceri:

230 1107 298 1160 Scire
315 1107 410 1172 aliquid
428 1107 482 1156 leus
500 1111 545 1165 est,
563 1107 645 1172 pudor
666 1111 704 1156 est
722 1105 759 1155 nil
777 1104 872 1154 discere
890 1103 963 1155 velle.

707 1195 765 1248 Cir.
775 1195 837 1246 Dist.
845 1199 869 1254 4,
877 1197 917 1244 29.

461 1347 495 1382 De
508 1346 578 1382 mimi
591 1344 726 1380 inuenerem.

227 1430 316 1483 Omnia
334 1433 416 1483 vincet
432 1431 548 1489 intentio,
577 1445 650 1494 quem
675 1431 698 1480 si
711 1435 765 1480 tote
782 1435 864 1480 mente
881 1431 908 1479 in
926 1443 991 1494 opus
1093 1467 1094 1504 t

193 1524 275 1588 ipsum
293 1522 422 1579 direxeris,
440 1519 504 1571 nihil
522 1535 619 1579 eorum,
650 1535 713 1585 quae
730 1520 811 1571 oculis
824 1519 864 1572 vel
886 1518 991 1571 auribus

193 1612 501 1671 incursent,adunimu1u
521 1613 653 1676 perveniet.
690 1609 969 1671 Qurrr.inst.10‚3,28.

375 1733 377 1738 '
434 1737 462 1773 1n
473 1739 593 1773 iuventute
605 1737 747 1774 discendum.

228 1823 325 1874 Natura
350 1823 501 1875 tenacissimi
521 1836 606 1872 sumus
617 1835 709 1879 eorum,
728 1835 791 1885 quae
802 1819 906 1871 rudibus
917 1823 990 1872 annis

192 1915 358 1981 percepimus.
673 1910 916 1971 Qurrr.1nst.1,l,5.

228 2006 257 2057 In
268 2005 358 2056 teneris
366 2017 528 2055 consuescere
537 2001 642 2052 multum
651 2007 696 2053 est.
707 2002 784 2054 Virro.
793 2001 987 2066 Georg.11,272.

229 2095 281 2156 Quo
303 2094 380 2147 semel
398 2098 436 2144 est
454 2092 549 2144 imbute
566 2107 661 2152 recens,
679 2091 788 2144 servabit
807 2092 907 2143 odorem

230 2187 306 2238 Teste
322 2185 373 2235 diu.
656 2184 719 2234 Hor.
726 2183 806 2250 Epist.
815 2188 838 2241 1,
846 2186 869 2242 2,
877 2185 917 2234 69.

229 2277 313 2328 Facile
330 2279 369 2327 est
388 2279 484 2326 teneros
501 2274 584 2325 adhuc
601 2276 695 2326 animos
714 2290 865 2342 componere.

671 2364 917 2427 Sur.deiru2,18,2.

230 2457 322 2522 Turpis
339 2462 365 2507 et
381 2457 489 2508 ridicule
518 2470 559 2507 res
574 2462 613 2508 est
639 2456 813 2508 elementarius
831 2472 920 2518 senen
947 2457 985 2507 iu-

194 2549 251 2600 veni
269 2545 416 2613 parendum,
436 2549 489 2599 seni
507 2547 628 2598 utendum
646 2553 691 2599 est.
730 2546 951 2613 Srr.Epist.86,4.

449 2695 514 2737 Qun
526 2695 638 2732 didiceris
650 2695 736 2732 ceneto.

231 2779 307 2832 Haud
323 2793 429 2846 acquum
446 2777 516 2838 fecit,
536 2781 581 2844 qui
600 2779 667 2844 quod
681 2779 778 2840 didicit,
792 2779 819 2830 id
838 2779 952 2832 dediscit.

660 2869 753 2922 Prior.
762 2868 853 2936 Amph.
862 2873 885 2930 2,
895 2873 918 2920 2.
